%YAML 1.1
%TAG !u! tag:unity3d.com,2011:
--- !u!29 &1
OcclusionCullingSettings:
  m_ObjectHideFlags: 0
  serializedVersion: 2
  m_OcclusionBakeSettings:
    smallestOccluder: 5
    smallestHole: 0.25
    backfaceThreshold: 100
  m_SceneGUID: 00000000000000000000000000000000
  m_OcclusionCullingData: {fileID: 0}
--- !u!104 &2
RenderSettings:
  m_ObjectHideFlags: 0
  serializedVersion: 8
  m_Fog: 0
  m_FogColor: {r: 0.5, g: 0.5, b: 0.5, a: 1}
  m_FogMode: 3
  m_FogDensity: 0.01
  m_LinearFogStart: 0
  m_LinearFogEnd: 300
  m_AmbientSkyColor: {r: 0.212, g: 0.227, b: 0.259, a: 1}
  m_AmbientEquatorColor: {r: 0.114, g: 0.125, b: 0.133, a: 1}
  m_AmbientGroundColor: {r: 0.047, g: 0.043, b: 0.035, a: 1}
  m_AmbientIntensity: 1
  m_AmbientMode: 0
  m_SubtractiveShadowColor: {r: 0.42, g: 0.478, b: 0.627, a: 1}
  m_SkyboxMaterial: {fileID: 10304, guid: 0000000000000000f000000000000000, type: 0}
  m_HaloStrength: 0.5
  m_FlareStrength: 1
  m_FlareFadeSpeed: 3
  m_HaloTexture: {fileID: 0}
  m_SpotCookie: {fileID: 10001, guid: 0000000000000000e000000000000000, type: 0}
  m_DefaultReflectionMode: 0
  m_DefaultReflectionResolution: 128
  m_ReflectionBounces: 1
  m_ReflectionIntensity: 1
  m_CustomReflection: {fileID: 0}
  m_Sun: {fileID: 0}
  m_IndirectSpecularColor: {r: 0.45094448, g: 0.50082135, b: 0.5744493, a: 1}
--- !u!157 &3
LightmapSettings:
  m_ObjectHideFlags: 0
  serializedVersion: 11
  m_GIWorkflowMode: 0
  m_GISettings:
    serializedVersion: 2
    m_BounceScale: 1
    m_IndirectOutputScale: 1
    m_AlbedoBoost: 1
    m_TemporalCoherenceThreshold: 1
    m_EnvironmentLightingMode: 0
    m_EnableBakedLightmaps: 1
    m_EnableRealtimeLightmaps: 1
  m_LightmapEditorSettings:
    serializedVersion: 9
    m_Resolution: 2
    m_BakeResolution: 40
    m_TextureWidth: 1024
    m_TextureHeight: 1024
    m_AO: 0
    m_AOMaxDistance: 1
    m_CompAOExponent: 1
    m_CompAOExponentDirect: 0
    m_Padding: 2
    m_LightmapParameters: {fileID: 0}
    m_LightmapsBakeMode: 1
    m_TextureCompression: 1
    m_FinalGather: 0
    m_FinalGatherFiltering: 1
    m_FinalGatherRayCount: 256
    m_ReflectionCompression: 2
    m_MixedBakeMode: 2
    m_BakeBackend: 0
    m_PVRSampling: 1
    m_PVRDirectSampleCount: 32
    m_PVRSampleCount: 500
    m_PVRBounces: 2
    m_PVRFilterTypeDirect: 0
    m_PVRFilterTypeIndirect: 0
    m_PVRFilterTypeAO: 0
    m_PVRFilteringMode: 1
    m_PVRCulling: 1
    m_PVRFilteringGaussRadiusDirect: 1
    m_PVRFilteringGaussRadiusIndirect: 5
    m_PVRFilteringGaussRadiusAO: 2
    m_PVRFilteringAtrousPositionSigmaDirect: 0.5
    m_PVRFilteringAtrousPositionSigmaIndirect: 2
    m_PVRFilteringAtrousPositionSigmaAO: 1
    m_ShowResolutionOverlay: 1
  m_LightingDataAsset: {fileID: 0}
  m_UseShadowmask: 1
--- !u!196 &4
NavMeshSettings:
  serializedVersion: 2
  m_ObjectHideFlags: 0
  m_BuildSettings:
    serializedVersion: 2
    agentTypeID: 0
    agentRadius: 0.5
    agentHeight: 2
    agentSlope: 45
    agentClimb: 0.4
    ledgeDropHeight: 0
    maxJumpAcrossDistance: 0
    minRegionArea: 2
    manualCellSize: 0
    cellSize: 0.16666667
    manualTileSize: 0
    tileSize: 256
    accuratePlacement: 0
    debug:
      m_Flags: 0
  m_NavMeshData: {fileID: 0}
--- !u!1 &273195220
GameObject:
  m_ObjectHideFlags: 0
  m_PrefabParentObject: {fileID: 100006, guid: 1840a0f0fb091f644901b1ecdeb9faaa, type: 3}
  m_PrefabInternal: {fileID: 0}
  serializedVersion: 5
  m_Component:
  - component: {fileID: 273195221}
  - component: {fileID: 273195223}
  - component: {fileID: 273195222}
  m_Layer: 0
  m_Name: Icosphere_(1)
  m_TagString: ground
  m_Icon: {fileID: 0}
  m_NavMeshLayer: 0
  m_StaticEditorFlags: 1
  m_IsActive: 1
--- !u!4 &273195221
Transform:
  m_ObjectHideFlags: 0
  m_PrefabParentObject: {fileID: 400006, guid: 1840a0f0fb091f644901b1ecdeb9faaa, type: 3}
  m_PrefabInternal: {fileID: 0}
  m_GameObject: {fileID: 273195220}
  m_LocalRotation: {x: 0, y: -0, z: -0, w: 1}
  m_LocalPosition: {x: -0, y: 0, z: 0}
  m_LocalScale: {x: 1, y: 1, z: 1}
  m_Children: []
  m_Father: {fileID: 1543873010}
  m_RootOrder: 2
  m_LocalEulerAnglesHint: {x: 0, y: 0, z: 0}
--- !u!23 &273195222
MeshRenderer:
  m_ObjectHideFlags: 0
  m_PrefabParentObject: {fileID: 2300004, guid: 1840a0f0fb091f644901b1ecdeb9faaa,
    type: 3}
  m_PrefabInternal: {fileID: 0}
  m_GameObject: {fileID: 273195220}
  m_Enabled: 1
  m_CastShadows: 1
  m_ReceiveShadows: 1
  m_DynamicOccludee: 1
  m_MotionVectors: 1
  m_LightProbeUsage: 1
  m_ReflectionProbeUsage: 1
  m_Materials:
  - {fileID: 2100000, guid: aeb8adb29ca39444ab84b641e957207b, type: 3}
  m_StaticBatchInfo:
    firstSubMesh: 0
    subMeshCount: 0
  m_StaticBatchRoot: {fileID: 0}
  m_ProbeAnchor: {fileID: 0}
  m_LightProbeVolumeOverride: {fileID: 0}
  m_ScaleInLightmap: 1
  m_PreserveUVs: 0
  m_IgnoreNormalsForChartDetection: 0
  m_ImportantGI: 0
  m_StitchLightmapSeams: 0
  m_SelectedEditorRenderState: 3
  m_MinimumChartSize: 4
  m_AutoUVMaxDistance: 0.5
  m_AutoUVMaxAngle: 89
  m_LightmapParameters: {fileID: 0}
  m_SortingLayerID: 0
  m_SortingLayer: 0
  m_SortingOrder: 0
--- !u!33 &273195223
MeshFilter:
  m_ObjectHideFlags: 0
  m_PrefabParentObject: {fileID: 3300004, guid: 1840a0f0fb091f644901b1ecdeb9faaa,
    type: 3}
  m_PrefabInternal: {fileID: 0}
  m_GameObject: {fileID: 273195220}
  m_Mesh: {fileID: 4300002, guid: 1840a0f0fb091f644901b1ecdeb9faaa, type: 3}
--- !u!1 &275643451
GameObject:
  m_ObjectHideFlags: 0
  m_PrefabParentObject: {fileID: 0}
  m_PrefabInternal: {fileID: 0}
  serializedVersion: 5
  m_Component:
  - component: {fileID: 275643452}
  - component: {fileID: 275643458}
  - component: {fileID: 275643457}
  - component: {fileID: 275643456}
  - component: {fileID: 275643455}
  - component: {fileID: 275643454}
  - component: {fileID: 275643453}
  m_Layer: 0
  m_Name: Gate
  m_TagString: Untagged
  m_Icon: {fileID: 0}
  m_NavMeshLayer: 0
  m_StaticEditorFlags: 1
  m_IsActive: 1
--- !u!4 &275643452
Transform:
  m_ObjectHideFlags: 0
  m_PrefabParentObject: {fileID: 0}
  m_PrefabInternal: {fileID: 0}
  m_GameObject: {fileID: 275643451}
  m_LocalRotation: {x: 0, y: 0.7071068, z: 0, w: 0.7071068}
  m_LocalPosition: {x: 0, y: -4, z: -9.4}
  m_LocalScale: {x: -0.59167266, y: -5.151024, z: -5.1895814}
  m_Children: []
  m_Father: {fileID: 1543873010}
  m_RootOrder: 8
  m_LocalEulerAnglesHint: {x: 0, y: 90, z: 0}
--- !u!114 &275643453
MonoBehaviour:
  m_ObjectHideFlags: 0
  m_PrefabParentObject: {fileID: 0}
  m_PrefabInternal: {fileID: 0}
  m_GameObject: {fileID: 275643451}
  m_Enabled: 1
  m_EditorHideFlags: 0
  m_Script: {fileID: 11500000, guid: b896d505abb52432898d89fa17a5b89e, type: 3}
  m_Name: 
  m_EditorClassIdentifier: 
  player: {fileID: 581435075}
  LVL1: 
  LVL2: 
  LVL3: 
  LVL4: 
--- !u!54 &275643454
Rigidbody:
  m_ObjectHideFlags: 0
  m_PrefabParentObject: {fileID: 0}
  m_PrefabInternal: {fileID: 0}
  m_GameObject: {fileID: 275643451}
  serializedVersion: 2
  m_Mass: 1
  m_Drag: 0
  m_AngularDrag: 0.05
  m_UseGravity: 0
  m_IsKinematic: 1
  m_Interpolate: 0
  m_Constraints: 0
  m_CollisionDetection: 0
--- !u!65 &275643455
BoxCollider:
  m_ObjectHideFlags: 0
  m_PrefabParentObject: {fileID: 0}
  m_PrefabInternal: {fileID: 0}
  m_GameObject: {fileID: 275643451}
  m_Material: {fileID: 0}
  m_IsTrigger: 0
  m_Enabled: 1
  serializedVersion: 2
  m_Size: {x: 1.0000008, y: 1.0000004, z: 1.0000005}
  m_Center: {x: 0.0000019073486, y: 0, z: 0}
--- !u!23 &275643456
MeshRenderer:
  m_ObjectHideFlags: 0
  m_PrefabParentObject: {fileID: 0}
  m_PrefabInternal: {fileID: 0}
  m_GameObject: {fileID: 275643451}
  m_Enabled: 0
  m_CastShadows: 1
  m_ReceiveShadows: 1
  m_DynamicOccludee: 1
  m_MotionVectors: 1
  m_LightProbeUsage: 1
  m_ReflectionProbeUsage: 1
  m_Materials:
  - {fileID: 10303, guid: 0000000000000000f000000000000000, type: 0}
  m_StaticBatchInfo:
    firstSubMesh: 0
    subMeshCount: 0
  m_StaticBatchRoot: {fileID: 0}
  m_ProbeAnchor: {fileID: 0}
  m_LightProbeVolumeOverride: {fileID: 0}
  m_ScaleInLightmap: 1
  m_PreserveUVs: 1
  m_IgnoreNormalsForChartDetection: 0
  m_ImportantGI: 0
  m_StitchLightmapSeams: 0
  m_SelectedEditorRenderState: 3
  m_MinimumChartSize: 4
  m_AutoUVMaxDistance: 0.5
  m_AutoUVMaxAngle: 89
  m_LightmapParameters: {fileID: 0}
  m_SortingLayerID: 0
  m_SortingLayer: 0
  m_SortingOrder: 0
--- !u!65 &275643457
BoxCollider:
  m_ObjectHideFlags: 0
  m_PrefabParentObject: {fileID: 0}
  m_PrefabInternal: {fileID: 0}
  m_GameObject: {fileID: 275643451}
  m_Material: {fileID: 0}
  m_IsTrigger: 0
  m_Enabled: 1
  serializedVersion: 2
  m_Size: {x: 1, y: 1, z: 1}
  m_Center: {x: 0, y: 0, z: 0}
--- !u!33 &275643458
MeshFilter:
  m_ObjectHideFlags: 0
  m_PrefabParentObject: {fileID: 0}
  m_PrefabInternal: {fileID: 0}
  m_GameObject: {fileID: 275643451}
  m_Mesh: {fileID: 10202, guid: 0000000000000000e000000000000000, type: 0}
--- !u!1 &291058377
GameObject:
  m_ObjectHideFlags: 0
  m_PrefabParentObject: {fileID: 100008, guid: 1840a0f0fb091f644901b1ecdeb9faaa, type: 3}
  m_PrefabInternal: {fileID: 0}
  serializedVersion: 5
  m_Component:
  - component: {fileID: 291058378}
  - component: {fileID: 291058380}
  - component: {fileID: 291058379}
  m_Layer: 0
  m_Name: Icosphere_(2)
  m_TagString: ground
  m_Icon: {fileID: 0}
  m_NavMeshLayer: 0
  m_StaticEditorFlags: 1
  m_IsActive: 1
--- !u!4 &291058378
Transform:
  m_ObjectHideFlags: 0
  m_PrefabParentObject: {fileID: 400008, guid: 1840a0f0fb091f644901b1ecdeb9faaa, type: 3}
  m_PrefabInternal: {fileID: 0}
  m_GameObject: {fileID: 291058377}
  m_LocalRotation: {x: 0, y: -0, z: -0, w: 1}
  m_LocalPosition: {x: -0, y: 0, z: 0}
  m_LocalScale: {x: 1, y: 1, z: 1}
  m_Children: []
  m_Father: {fileID: 1543873010}
  m_RootOrder: 3
  m_LocalEulerAnglesHint: {x: 0, y: 0, z: 0}
--- !u!23 &291058379
MeshRenderer:
  m_ObjectHideFlags: 0
  m_PrefabParentObject: {fileID: 2300006, guid: 1840a0f0fb091f644901b1ecdeb9faaa,
    type: 3}
  m_PrefabInternal: {fileID: 0}
  m_GameObject: {fileID: 291058377}
  m_Enabled: 1
  m_CastShadows: 1
  m_ReceiveShadows: 1
  m_DynamicOccludee: 1
  m_MotionVectors: 1
  m_LightProbeUsage: 1
  m_ReflectionProbeUsage: 1
  m_Materials:
  - {fileID: 2100000, guid: aeb8adb29ca39444ab84b641e957207b, type: 3}
  m_StaticBatchInfo:
    firstSubMesh: 0
    subMeshCount: 0
  m_StaticBatchRoot: {fileID: 0}
  m_ProbeAnchor: {fileID: 0}
  m_LightProbeVolumeOverride: {fileID: 0}
  m_ScaleInLightmap: 1
  m_PreserveUVs: 0
  m_IgnoreNormalsForChartDetection: 0
  m_ImportantGI: 0
  m_StitchLightmapSeams: 0
  m_SelectedEditorRenderState: 3
  m_MinimumChartSize: 4
  m_AutoUVMaxDistance: 0.5
  m_AutoUVMaxAngle: 89
  m_LightmapParameters: {fileID: 0}
  m_SortingLayerID: 0
  m_SortingLayer: 0
  m_SortingOrder: 0
--- !u!33 &291058380
MeshFilter:
  m_ObjectHideFlags: 0
  m_PrefabParentObject: {fileID: 3300006, guid: 1840a0f0fb091f644901b1ecdeb9faaa,
    type: 3}
  m_PrefabInternal: {fileID: 0}
  m_GameObject: {fileID: 291058377}
  m_Mesh: {fileID: 4300006, guid: 1840a0f0fb091f644901b1ecdeb9faaa, type: 3}
--- !u!4 &300604913 stripped
Transform:
  m_PrefabParentObject: {fileID: 4326893659827912, guid: a078c5101007a4716b83b0da45dc204b,
    type: 2}
  m_PrefabInternal: {fileID: 2012272052}
--- !u!1001 &456341934
Prefab:
  m_ObjectHideFlags: 0
  serializedVersion: 2
  m_Modification:
    m_TransformParent: {fileID: 0}
    m_Modifications:
    - target: {fileID: 4746750869859832, guid: 9598b83e08b8a4195a3db4715eb9e514, type: 2}
      propertyPath: m_LocalPosition.x
      value: 0
      objectReference: {fileID: 0}
    - target: {fileID: 4746750869859832, guid: 9598b83e08b8a4195a3db4715eb9e514, type: 2}
      propertyPath: m_LocalPosition.y
      value: -24.7
      objectReference: {fileID: 0}
    - target: {fileID: 4746750869859832, guid: 9598b83e08b8a4195a3db4715eb9e514, type: 2}
      propertyPath: m_LocalPosition.z
      value: 3.4
      objectReference: {fileID: 0}
    - target: {fileID: 4746750869859832, guid: 9598b83e08b8a4195a3db4715eb9e514, type: 2}
      propertyPath: m_LocalRotation.x
      value: -0.7071068
      objectReference: {fileID: 0}
    - target: {fileID: 4746750869859832, guid: 9598b83e08b8a4195a3db4715eb9e514, type: 2}
      propertyPath: m_LocalRotation.y
      value: 0
      objectReference: {fileID: 0}
    - target: {fileID: 4746750869859832, guid: 9598b83e08b8a4195a3db4715eb9e514, type: 2}
      propertyPath: m_LocalRotation.z
      value: 0
      objectReference: {fileID: 0}
    - target: {fileID: 4746750869859832, guid: 9598b83e08b8a4195a3db4715eb9e514, type: 2}
      propertyPath: m_LocalRotation.w
      value: 0.7071068
      objectReference: {fileID: 0}
    - target: {fileID: 4746750869859832, guid: 9598b83e08b8a4195a3db4715eb9e514, type: 2}
      propertyPath: m_RootOrder
      value: 3
      objectReference: {fileID: 0}
    - target: {fileID: 23511526749141062, guid: 9598b83e08b8a4195a3db4715eb9e514,
        type: 2}
      propertyPath: m_Enabled
      value: 0
      objectReference: {fileID: 0}
    - target: {fileID: 114254344533606794, guid: 9598b83e08b8a4195a3db4715eb9e514,
        type: 2}
      propertyPath: m_Enabled
      value: 1
      objectReference: {fileID: 0}
    - target: {fileID: 114254344533606794, guid: 9598b83e08b8a4195a3db4715eb9e514,
        type: 2}
      propertyPath: quad
      value: 
      objectReference: {fileID: 456341935}
    - target: {fileID: 114254344533606794, guid: 9598b83e08b8a4195a3db4715eb9e514,
        type: 2}
      propertyPath: platform
      value: 
      objectReference: {fileID: 0}
    - target: {fileID: 1089513031269332, guid: 9598b83e08b8a4195a3db4715eb9e514, type: 2}
      propertyPath: m_TagString
      value: Untagged
      objectReference: {fileID: 0}
    - target: {fileID: 114254344533606794, guid: 9598b83e08b8a4195a3db4715eb9e514,
        type: 2}
      propertyPath: platform2
      value: 
      objectReference: {fileID: 1543873000}
    m_RemovedComponents:
    - {fileID: 23511526749141062, guid: 9598b83e08b8a4195a3db4715eb9e514, type: 2}
  m_ParentPrefab: {fileID: 100100000, guid: 9598b83e08b8a4195a3db4715eb9e514, type: 2}
  m_IsPrefabParent: 0
--- !u!1 &456341935 stripped
GameObject:
  m_PrefabParentObject: {fileID: 1089513031269332, guid: 9598b83e08b8a4195a3db4715eb9e514,
    type: 2}
  m_PrefabInternal: {fileID: 456341934}
--- !u!1001 &522400438
Prefab:
  m_ObjectHideFlags: 0
  serializedVersion: 2
  m_Modification:
    m_TransformParent: {fileID: 0}
    m_Modifications:
    - target: {fileID: 4112629046172066, guid: cdb860bade0a44b76b2f752e861617fc, type: 2}
      propertyPath: m_LocalPosition.x
      value: 22
      objectReference: {fileID: 0}
    - target: {fileID: 4112629046172066, guid: cdb860bade0a44b76b2f752e861617fc, type: 2}
      propertyPath: m_LocalPosition.y
      value: 52.6
      objectReference: {fileID: 0}
    - target: {fileID: 4112629046172066, guid: cdb860bade0a44b76b2f752e861617fc, type: 2}
      propertyPath: m_LocalPosition.z
      value: -9.4
      objectReference: {fileID: 0}
    - target: {fileID: 4112629046172066, guid: cdb860bade0a44b76b2f752e861617fc, type: 2}
      propertyPath: m_LocalRotation.x
      value: 0.29334757
      objectReference: {fileID: 0}
    - target: {fileID: 4112629046172066, guid: cdb860bade0a44b76b2f752e861617fc, type: 2}
      propertyPath: m_LocalRotation.y
      value: -0.07663695
      objectReference: {fileID: 0}
    - target: {fileID: 4112629046172066, guid: cdb860bade0a44b76b2f752e861617fc, type: 2}
      propertyPath: m_LocalRotation.z
      value: 0.027759327
      objectReference: {fileID: 0}
    - target: {fileID: 4112629046172066, guid: cdb860bade0a44b76b2f752e861617fc, type: 2}
      propertyPath: m_LocalRotation.w
      value: 0.9525248
      objectReference: {fileID: 0}
    - target: {fileID: 4112629046172066, guid: cdb860bade0a44b76b2f752e861617fc, type: 2}
      propertyPath: m_RootOrder
      value: 0
      objectReference: {fileID: 0}
    - target: {fileID: 108939067013950620, guid: cdb860bade0a44b76b2f752e861617fc,
        type: 2}
      propertyPath: m_Color.r
      value: 0.99716026
      objectReference: {fileID: 0}
    - target: {fileID: 108939067013950620, guid: cdb860bade0a44b76b2f752e861617fc,
        type: 2}
      propertyPath: m_Color.g
      value: 1
      objectReference: {fileID: 0}
    - target: {fileID: 108939067013950620, guid: cdb860bade0a44b76b2f752e861617fc,
        type: 2}
      propertyPath: m_Color.b
      value: 0.9705882
      objectReference: {fileID: 0}
    - target: {fileID: 4112629046172066, guid: cdb860bade0a44b76b2f752e861617fc, type: 2}
      propertyPath: m_LocalEulerAnglesHint.y
      value: 170.969
      objectReference: {fileID: 0}
    - target: {fileID: 108939067013950620, guid: cdb860bade0a44b76b2f752e861617fc,
        type: 2}
      propertyPath: m_Intensity
      value: 1
      objectReference: {fileID: 0}
    - target: {fileID: 4112629046172066, guid: cdb860bade0a44b76b2f752e861617fc, type: 2}
      propertyPath: m_LocalEulerAnglesHint.x
      value: 145.73
      objectReference: {fileID: 0}
    - target: {fileID: 4112629046172066, guid: cdb860bade0a44b76b2f752e861617fc, type: 2}
      propertyPath: m_LocalEulerAnglesHint.z
      value: 180.549
      objectReference: {fileID: 0}
    - target: {fileID: 108939067013950620, guid: cdb860bade0a44b76b2f752e861617fc,
        type: 2}
      propertyPath: m_Shadows.m_Type
      value: 2
      objectReference: {fileID: 0}
    - target: {fileID: 108939067013950620, guid: cdb860bade0a44b76b2f752e861617fc,
        type: 2}
      propertyPath: m_Type
      value: 1
      objectReference: {fileID: 0}
    - target: {fileID: 108939067013950620, guid: cdb860bade0a44b76b2f752e861617fc,
        type: 2}
      propertyPath: m_Range
      value: 37.95
      objectReference: {fileID: 0}
    m_RemovedComponents: []
  m_ParentPrefab: {fileID: 100100000, guid: cdb860bade0a44b76b2f752e861617fc, type: 2}
  m_IsPrefabParent: 0
--- !u!1 &581435075 stripped
GameObject:
  m_PrefabParentObject: {fileID: 1667879387348984, guid: a078c5101007a4716b83b0da45dc204b,
    type: 2}
  m_PrefabInternal: {fileID: 2012272052}
--- !u!1 &680865974
GameObject:
  m_ObjectHideFlags: 0
  m_PrefabParentObject: {fileID: 100014, guid: 1840a0f0fb091f644901b1ecdeb9faaa, type: 3}
  m_PrefabInternal: {fileID: 0}
  serializedVersion: 5
  m_Component:
  - component: {fileID: 680865975}
  - component: {fileID: 680865977}
  - component: {fileID: 680865976}
  m_Layer: 0
  m_Name: Icosphere_(5)
  m_TagString: ground
  m_Icon: {fileID: 0}
  m_NavMeshLayer: 0
  m_StaticEditorFlags: 1
  m_IsActive: 1
--- !u!4 &680865975
Transform:
  m_ObjectHideFlags: 0
  m_PrefabParentObject: {fileID: 400014, guid: 1840a0f0fb091f644901b1ecdeb9faaa, type: 3}
  m_PrefabInternal: {fileID: 0}
  m_GameObject: {fileID: 680865974}
  m_LocalRotation: {x: 0, y: -0, z: -0, w: 1}
  m_LocalPosition: {x: -0, y: 0, z: 0}
  m_LocalScale: {x: 1, y: 1, z: 1}
  m_Children: []
  m_Father: {fileID: 1543873010}
  m_RootOrder: 6
  m_LocalEulerAnglesHint: {x: 0, y: 0, z: 0}
--- !u!23 &680865976
MeshRenderer:
  m_ObjectHideFlags: 0
  m_PrefabParentObject: {fileID: 2300012, guid: 1840a0f0fb091f644901b1ecdeb9faaa,
    type: 3}
  m_PrefabInternal: {fileID: 0}
  m_GameObject: {fileID: 680865974}
  m_Enabled: 1
  m_CastShadows: 1
  m_ReceiveShadows: 1
  m_DynamicOccludee: 1
  m_MotionVectors: 1
  m_LightProbeUsage: 1
  m_ReflectionProbeUsage: 1
  m_Materials:
  - {fileID: 2100000, guid: aeb8adb29ca39444ab84b641e957207b, type: 3}
  m_StaticBatchInfo:
    firstSubMesh: 0
    subMeshCount: 0
  m_StaticBatchRoot: {fileID: 0}
  m_ProbeAnchor: {fileID: 0}
  m_LightProbeVolumeOverride: {fileID: 0}
  m_ScaleInLightmap: 1
  m_PreserveUVs: 0
  m_IgnoreNormalsForChartDetection: 0
  m_ImportantGI: 0
  m_StitchLightmapSeams: 0
  m_SelectedEditorRenderState: 3
  m_MinimumChartSize: 4
  m_AutoUVMaxDistance: 0.5
  m_AutoUVMaxAngle: 89
  m_LightmapParameters: {fileID: 0}
  m_SortingLayerID: 0
  m_SortingLayer: 0
  m_SortingOrder: 0
--- !u!33 &680865977
MeshFilter:
  m_ObjectHideFlags: 0
  m_PrefabParentObject: {fileID: 3300012, guid: 1840a0f0fb091f644901b1ecdeb9faaa,
    type: 3}
  m_PrefabInternal: {fileID: 0}
  m_GameObject: {fileID: 680865974}
  m_Mesh: {fileID: 4300012, guid: 1840a0f0fb091f644901b1ecdeb9faaa, type: 3}
--- !u!1 &904275322
GameObject:
  m_ObjectHideFlags: 0
  m_PrefabParentObject: {fileID: 100000, guid: 1840a0f0fb091f644901b1ecdeb9faaa, type: 3}
  m_PrefabInternal: {fileID: 0}
  serializedVersion: 5
  m_Component:
  - component: {fileID: 904275323}
  - component: {fileID: 904275325}
  - component: {fileID: 904275324}
  m_Layer: 0
  m_Name: Cube
  m_TagString: ground
  m_Icon: {fileID: 0}
  m_NavMeshLayer: 0
  m_StaticEditorFlags: 1
  m_IsActive: 1
--- !u!4 &904275323
Transform:
  m_ObjectHideFlags: 0
  m_PrefabParentObject: {fileID: 400000, guid: 1840a0f0fb091f644901b1ecdeb9faaa, type: 3}
  m_PrefabInternal: {fileID: 0}
  m_GameObject: {fileID: 904275322}
  m_LocalRotation: {x: 0, y: -0, z: -0, w: 1}
  m_LocalPosition: {x: -0, y: 0, z: 0}
  m_LocalScale: {x: 1, y: 1, z: 1}
  m_Children: []
  m_Father: {fileID: 1543873010}
  m_RootOrder: 0
  m_LocalEulerAnglesHint: {x: 0, y: 0, z: 0}
--- !u!23 &904275324
MeshRenderer:
  m_ObjectHideFlags: 0
  m_PrefabParentObject: {fileID: 2300000, guid: 1840a0f0fb091f644901b1ecdeb9faaa,
    type: 3}
  m_PrefabInternal: {fileID: 0}
  m_GameObject: {fileID: 904275322}
  m_Enabled: 1
  m_CastShadows: 1
  m_ReceiveShadows: 1
  m_DynamicOccludee: 1
  m_MotionVectors: 1
  m_LightProbeUsage: 1
  m_ReflectionProbeUsage: 1
  m_Materials:
  - {fileID: 2100000, guid: aeb8adb29ca39444ab84b641e957207b, type: 3}
  m_StaticBatchInfo:
    firstSubMesh: 0
    subMeshCount: 0
  m_StaticBatchRoot: {fileID: 0}
  m_ProbeAnchor: {fileID: 0}
  m_LightProbeVolumeOverride: {fileID: 0}
  m_ScaleInLightmap: 1
  m_PreserveUVs: 0
  m_IgnoreNormalsForChartDetection: 0
  m_ImportantGI: 0
  m_StitchLightmapSeams: 0
  m_SelectedEditorRenderState: 3
  m_MinimumChartSize: 4
  m_AutoUVMaxDistance: 0.5
  m_AutoUVMaxAngle: 89
  m_LightmapParameters: {fileID: 0}
  m_SortingLayerID: 0
  m_SortingLayer: 0
  m_SortingOrder: 0
--- !u!33 &904275325
MeshFilter:
  m_ObjectHideFlags: 0
  m_PrefabParentObject: {fileID: 3300000, guid: 1840a0f0fb091f644901b1ecdeb9faaa,
    type: 3}
  m_PrefabInternal: {fileID: 0}
  m_GameObject: {fileID: 904275322}
  m_Mesh: {fileID: 4300000, guid: 1840a0f0fb091f644901b1ecdeb9faaa, type: 3}
--- !u!1 &928879681
GameObject:
  m_ObjectHideFlags: 0
  m_PrefabParentObject: {fileID: 100012, guid: 1840a0f0fb091f644901b1ecdeb9faaa, type: 3}
  m_PrefabInternal: {fileID: 0}
  serializedVersion: 5
  m_Component:
  - component: {fileID: 928879682}
  - component: {fileID: 928879684}
  - component: {fileID: 928879683}
  m_Layer: 0
  m_Name: Icosphere_(4)
  m_TagString: ground
  m_Icon: {fileID: 0}
  m_NavMeshLayer: 0
  m_StaticEditorFlags: 1
  m_IsActive: 1
--- !u!4 &928879682
Transform:
  m_ObjectHideFlags: 0
  m_PrefabParentObject: {fileID: 400012, guid: 1840a0f0fb091f644901b1ecdeb9faaa, type: 3}
  m_PrefabInternal: {fileID: 0}
  m_GameObject: {fileID: 928879681}
  m_LocalRotation: {x: 0, y: -0, z: -0, w: 1}
  m_LocalPosition: {x: -0, y: 0, z: 0}
  m_LocalScale: {x: 1, y: 1, z: 1}
  m_Children: []
  m_Father: {fileID: 1543873010}
  m_RootOrder: 5
  m_LocalEulerAnglesHint: {x: 0, y: 0, z: 0}
--- !u!23 &928879683
MeshRenderer:
  m_ObjectHideFlags: 0
  m_PrefabParentObject: {fileID: 2300010, guid: 1840a0f0fb091f644901b1ecdeb9faaa,
    type: 3}
  m_PrefabInternal: {fileID: 0}
  m_GameObject: {fileID: 928879681}
  m_Enabled: 1
  m_CastShadows: 1
  m_ReceiveShadows: 1
  m_DynamicOccludee: 1
  m_MotionVectors: 1
  m_LightProbeUsage: 1
  m_ReflectionProbeUsage: 1
  m_Materials:
  - {fileID: 2100000, guid: aeb8adb29ca39444ab84b641e957207b, type: 3}
  m_StaticBatchInfo:
    firstSubMesh: 0
    subMeshCount: 0
  m_StaticBatchRoot: {fileID: 0}
  m_ProbeAnchor: {fileID: 0}
  m_LightProbeVolumeOverride: {fileID: 0}
  m_ScaleInLightmap: 1
  m_PreserveUVs: 0
  m_IgnoreNormalsForChartDetection: 0
  m_ImportantGI: 0
  m_StitchLightmapSeams: 0
  m_SelectedEditorRenderState: 3
  m_MinimumChartSize: 4
  m_AutoUVMaxDistance: 0.5
  m_AutoUVMaxAngle: 89
  m_LightmapParameters: {fileID: 0}
  m_SortingLayerID: 0
  m_SortingLayer: 0
  m_SortingOrder: 0
--- !u!33 &928879684
MeshFilter:
  m_ObjectHideFlags: 0
  m_PrefabParentObject: {fileID: 3300010, guid: 1840a0f0fb091f644901b1ecdeb9faaa,
    type: 3}
  m_PrefabInternal: {fileID: 0}
  m_GameObject: {fileID: 928879681}
  m_Mesh: {fileID: 4300010, guid: 1840a0f0fb091f644901b1ecdeb9faaa, type: 3}
--- !u!1 &1027107230
GameObject:
  m_ObjectHideFlags: 0
  m_PrefabParentObject: {fileID: 100010, guid: 1840a0f0fb091f644901b1ecdeb9faaa, type: 3}
  m_PrefabInternal: {fileID: 0}
  serializedVersion: 5
  m_Component:
  - component: {fileID: 1027107231}
  - component: {fileID: 1027107233}
  - component: {fileID: 1027107232}
  m_Layer: 0
  m_Name: Icosphere_(3)
  m_TagString: ground
  m_Icon: {fileID: 0}
  m_NavMeshLayer: 0
  m_StaticEditorFlags: 1
  m_IsActive: 1
--- !u!4 &1027107231
Transform:
  m_ObjectHideFlags: 0
  m_PrefabParentObject: {fileID: 400010, guid: 1840a0f0fb091f644901b1ecdeb9faaa, type: 3}
  m_PrefabInternal: {fileID: 0}
  m_GameObject: {fileID: 1027107230}
  m_LocalRotation: {x: 0, y: -0, z: -0, w: 1}
  m_LocalPosition: {x: -0, y: 0, z: 0}
  m_LocalScale: {x: 1, y: 1, z: 1}
  m_Children: []
  m_Father: {fileID: 1543873010}
  m_RootOrder: 4
  m_LocalEulerAnglesHint: {x: 0, y: 0, z: 0}
--- !u!23 &1027107232
MeshRenderer:
  m_ObjectHideFlags: 0
  m_PrefabParentObject: {fileID: 2300008, guid: 1840a0f0fb091f644901b1ecdeb9faaa,
    type: 3}
  m_PrefabInternal: {fileID: 0}
  m_GameObject: {fileID: 1027107230}
  m_Enabled: 1
  m_CastShadows: 1
  m_ReceiveShadows: 1
  m_DynamicOccludee: 1
  m_MotionVectors: 1
  m_LightProbeUsage: 1
  m_ReflectionProbeUsage: 1
  m_Materials:
  - {fileID: 2100000, guid: aeb8adb29ca39444ab84b641e957207b, type: 3}
  m_StaticBatchInfo:
    firstSubMesh: 0
    subMeshCount: 0
  m_StaticBatchRoot: {fileID: 0}
  m_ProbeAnchor: {fileID: 0}
  m_LightProbeVolumeOverride: {fileID: 0}
  m_ScaleInLightmap: 1
  m_PreserveUVs: 0
  m_IgnoreNormalsForChartDetection: 0
  m_ImportantGI: 0
  m_StitchLightmapSeams: 0
  m_SelectedEditorRenderState: 3
  m_MinimumChartSize: 4
  m_AutoUVMaxDistance: 0.5
  m_AutoUVMaxAngle: 89
  m_LightmapParameters: {fileID: 0}
  m_SortingLayerID: 0
  m_SortingLayer: 0
  m_SortingOrder: 0
--- !u!33 &1027107233
MeshFilter:
  m_ObjectHideFlags: 0
  m_PrefabParentObject: {fileID: 3300008, guid: 1840a0f0fb091f644901b1ecdeb9faaa,
    type: 3}
  m_PrefabInternal: {fileID: 0}
  m_GameObject: {fileID: 1027107230}
  m_Mesh: {fileID: 4300008, guid: 1840a0f0fb091f644901b1ecdeb9faaa, type: 3}
--- !u!1 &1273807104
GameObject:
  m_ObjectHideFlags: 0
  m_PrefabParentObject: {fileID: 100004, guid: 1840a0f0fb091f644901b1ecdeb9faaa, type: 3}
  m_PrefabInternal: {fileID: 0}
  serializedVersion: 5
  m_Component:
  - component: {fileID: 1273807105}
  - component: {fileID: 1273807107}
  - component: {fileID: 1273807106}
  m_Layer: 0
  m_Name: Icosphere
  m_TagString: ground
  m_Icon: {fileID: 0}
  m_NavMeshLayer: 0
  m_StaticEditorFlags: 1
  m_IsActive: 1
--- !u!4 &1273807105
Transform:
  m_ObjectHideFlags: 0
  m_PrefabParentObject: {fileID: 400004, guid: 1840a0f0fb091f644901b1ecdeb9faaa, type: 3}
  m_PrefabInternal: {fileID: 0}
  m_GameObject: {fileID: 1273807104}
  m_LocalRotation: {x: 0, y: -0, z: -0, w: 1}
  m_LocalPosition: {x: -0, y: 0, z: 0}
  m_LocalScale: {x: 1, y: 1, z: 1}
  m_Children: []
  m_Father: {fileID: 1543873010}
  m_RootOrder: 1
  m_LocalEulerAnglesHint: {x: 0, y: 0, z: 0}
--- !u!23 &1273807106
MeshRenderer:
  m_ObjectHideFlags: 0
  m_PrefabParentObject: {fileID: 2300002, guid: 1840a0f0fb091f644901b1ecdeb9faaa,
    type: 3}
  m_PrefabInternal: {fileID: 0}
  m_GameObject: {fileID: 1273807104}
  m_Enabled: 1
  m_CastShadows: 1
  m_ReceiveShadows: 1
  m_DynamicOccludee: 1
  m_MotionVectors: 1
  m_LightProbeUsage: 1
  m_ReflectionProbeUsage: 1
  m_Materials:
  - {fileID: 2100000, guid: 679eae61b3bdc694ab5f739484e9ecae, type: 2}
  m_StaticBatchInfo:
    firstSubMesh: 0
    subMeshCount: 0
  m_StaticBatchRoot: {fileID: 0}
  m_ProbeAnchor: {fileID: 0}
  m_LightProbeVolumeOverride: {fileID: 0}
  m_ScaleInLightmap: 1
  m_PreserveUVs: 0
  m_IgnoreNormalsForChartDetection: 0
  m_ImportantGI: 0
  m_StitchLightmapSeams: 0
  m_SelectedEditorRenderState: 3
  m_MinimumChartSize: 4
  m_AutoUVMaxDistance: 0.5
  m_AutoUVMaxAngle: 89
  m_LightmapParameters: {fileID: 0}
  m_SortingLayerID: 0
  m_SortingLayer: 0
  m_SortingOrder: 0
--- !u!33 &1273807107
MeshFilter:
  m_ObjectHideFlags: 0
  m_PrefabParentObject: {fileID: 3300002, guid: 1840a0f0fb091f644901b1ecdeb9faaa,
    type: 3}
  m_PrefabInternal: {fileID: 0}
  m_GameObject: {fileID: 1273807104}
  m_Mesh: {fileID: 4300002, guid: 1840a0f0fb091f644901b1ecdeb9faaa, type: 3}
--- !u!1001 &1427861689
Prefab:
  m_ObjectHideFlags: 0
  serializedVersion: 2
  m_Modification:
    m_TransformParent: {fileID: 1543873010}
    m_Modifications:
    - target: {fileID: 4811583350247656, guid: 1a54b2b55558c410f9473b7c49a0cae5, type: 2}
      propertyPath: m_LocalPosition.x
      value: -0.22438817
      objectReference: {fileID: 0}
    - target: {fileID: 4811583350247656, guid: 1a54b2b55558c410f9473b7c49a0cae5, type: 2}
      propertyPath: m_LocalPosition.y
      value: -4.7397094
      objectReference: {fileID: 0}
    - target: {fileID: 4811583350247656, guid: 1a54b2b55558c410f9473b7c49a0cae5, type: 2}
      propertyPath: m_LocalPosition.z
      value: -10.239189
      objectReference: {fileID: 0}
    - target: {fileID: 4811583350247656, guid: 1a54b2b55558c410f9473b7c49a0cae5, type: 2}
      propertyPath: m_LocalRotation.x
      value: -0.993936
      objectReference: {fileID: 0}
    - target: {fileID: 4811583350247656, guid: 1a54b2b55558c410f9473b7c49a0cae5, type: 2}
      propertyPath: m_LocalRotation.y
      value: 0.04645439
      objectReference: {fileID: 0}
    - target: {fileID: 4811583350247656, guid: 1a54b2b55558c410f9473b7c49a0cae5, type: 2}
      propertyPath: m_LocalRotation.z
      value: 0.07632166
      objectReference: {fileID: 0}
    - target: {fileID: 4811583350247656, guid: 1a54b2b55558c410f9473b7c49a0cae5, type: 2}
      propertyPath: m_LocalRotation.w
      value: 0.06409605
      objectReference: {fileID: 0}
    - target: {fileID: 4811583350247656, guid: 1a54b2b55558c410f9473b7c49a0cae5, type: 2}
      propertyPath: m_RootOrder
      value: 7
      objectReference: {fileID: 0}
    - target: {fileID: 114018300237062666, guid: 1a54b2b55558c410f9473b7c49a0cae5,
        type: 2}
      propertyPath: player
      value: 
      objectReference: {fileID: 581435075}
    - target: {fileID: 4811583350247656, guid: 1a54b2b55558c410f9473b7c49a0cae5, type: 2}
      propertyPath: m_LocalScale.x
      value: 0.591049
      objectReference: {fileID: 0}
    - target: {fileID: 4811583350247656, guid: 1a54b2b55558c410f9473b7c49a0cae5, type: 2}
      propertyPath: m_LocalScale.y
      value: -0.2558464
      objectReference: {fileID: 0}
    - target: {fileID: 4811583350247656, guid: 1a54b2b55558c410f9473b7c49a0cae5, type: 2}
      propertyPath: m_LocalScale.z
      value: 0.7484022
      objectReference: {fileID: 0}
    - target: {fileID: 64192552386803976, guid: 1a54b2b55558c410f9473b7c49a0cae5,
        type: 2}
      propertyPath: m_Mesh
      value: 
      objectReference: {fileID: 10209, guid: 0000000000000000e000000000000000, type: 0}
    - target: {fileID: 4811583350247656, guid: 1a54b2b55558c410f9473b7c49a0cae5, type: 2}
      propertyPath: m_LocalEulerAnglesHint.x
      value: -172.27
      objectReference: {fileID: 0}
    - target: {fileID: 4811583350247656, guid: 1a54b2b55558c410f9473b7c49a0cae5, type: 2}
      propertyPath: m_LocalEulerAnglesHint.y
      value: 8.458984
      objectReference: {fileID: 0}
    - target: {fileID: 4811583350247656, guid: 1a54b2b55558c410f9473b7c49a0cae5, type: 2}
      propertyPath: m_LocalEulerAnglesHint.z
      value: 4.7789917
      objectReference: {fileID: 0}
    - target: {fileID: 64192552386803976, guid: 1a54b2b55558c410f9473b7c49a0cae5,
        type: 2}
      propertyPath: m_Convex
      value: 0
      objectReference: {fileID: 0}
    - target: {fileID: 64192552386803976, guid: 1a54b2b55558c410f9473b7c49a0cae5,
        type: 2}
      propertyPath: m_CookingOptions
      value: -2
      objectReference: {fileID: 0}
    - target: {fileID: 198263825847819104, guid: 1a54b2b55558c410f9473b7c49a0cae5,
        type: 2}
      propertyPath: ShapeModule.m_Scale.x
      value: 0.3
      objectReference: {fileID: 0}
    - target: {fileID: 198263825847819104, guid: 1a54b2b55558c410f9473b7c49a0cae5,
        type: 2}
      propertyPath: ShapeModule.m_Scale.y
      value: 0.5
      objectReference: {fileID: 0}
    - target: {fileID: 198263825847819104, guid: 1a54b2b55558c410f9473b7c49a0cae5,
        type: 2}
      propertyPath: ShapeModule.m_Scale.z
      value: 0.3
      objectReference: {fileID: 0}
    - target: {fileID: 114018300237062666, guid: 1a54b2b55558c410f9473b7c49a0cae5,
        type: 2}
      propertyPath: bgm2
      value: 
      objectReference: {fileID: 0}
    - target: {fileID: 54464481737127800, guid: 1a54b2b55558c410f9473b7c49a0cae5,
        type: 2}
      propertyPath: m_IsKinematic
      value: 1
      objectReference: {fileID: 0}
    - target: {fileID: 1069098484130772, guid: 1a54b2b55558c410f9473b7c49a0cae5, type: 2}
      propertyPath: m_StaticEditorFlags
      value: 1
      objectReference: {fileID: 0}
    m_RemovedComponents:
    - {fileID: 114018300237062666, guid: 1a54b2b55558c410f9473b7c49a0cae5, type: 2}
  m_ParentPrefab: {fileID: 100100000, guid: 1a54b2b55558c410f9473b7c49a0cae5, type: 2}
  m_IsPrefabParent: 0
--- !u!4 &1427861690 stripped
Transform:
  m_PrefabParentObject: {fileID: 4811583350247656, guid: 1a54b2b55558c410f9473b7c49a0cae5,
    type: 2}
  m_PrefabInternal: {fileID: 1427861689}
--- !u!1 &1543873000
GameObject:
  m_ObjectHideFlags: 0
  m_PrefabParentObject: {fileID: 100002, guid: 1840a0f0fb091f644901b1ecdeb9faaa, type: 3}
  m_PrefabInternal: {fileID: 0}
  serializedVersion: 5
  m_Component:
  - component: {fileID: 1543873010}
  - component: {fileID: 1543873002}
  - component: {fileID: 1543873003}
  - component: {fileID: 1543873009}
  - component: {fileID: 1543873001}
  - component: {fileID: 1543873008}
  - component: {fileID: 1543873007}
  - component: {fileID: 1543873006}
  - component: {fileID: 1543873005}
  - component: {fileID: 1543873004}
  - component: {fileID: 1543873011}
  m_Layer: 0
  m_Name: Level2
  m_TagString: ground
  m_Icon: {fileID: 0}
  m_NavMeshLayer: 0
  m_StaticEditorFlags: 1
  m_IsActive: 1
--- !u!64 &1543873001
MeshCollider:
  m_ObjectHideFlags: 0
  m_PrefabParentObject: {fileID: 0}
  m_PrefabInternal: {fileID: 0}
  m_GameObject: {fileID: 1543873000}
  m_Material: {fileID: 0}
  m_IsTrigger: 0
  m_Enabled: 1
  serializedVersion: 3
  m_Convex: 0
  m_CookingOptions: 14
  m_SkinWidth: 0.01
  m_Mesh: {fileID: 4300000, guid: 1840a0f0fb091f644901b1ecdeb9faaa, type: 3}
--- !u!33 &1543873002
MeshFilter:
  m_ObjectHideFlags: 0
  m_PrefabParentObject: {fileID: 0}
  m_PrefabInternal: {fileID: 0}
  m_GameObject: {fileID: 1543873000}
  m_Mesh: {fileID: 4300000, guid: 1840a0f0fb091f644901b1ecdeb9faaa, type: 3}
--- !u!23 &1543873003
MeshRenderer:
  m_ObjectHideFlags: 0
  m_PrefabParentObject: {fileID: 0}
  m_PrefabInternal: {fileID: 0}
  m_GameObject: {fileID: 1543873000}
  m_Enabled: 1
  m_CastShadows: 1
  m_ReceiveShadows: 1
  m_DynamicOccludee: 1
  m_MotionVectors: 1
  m_LightProbeUsage: 1
  m_ReflectionProbeUsage: 1
  m_Materials:
  - {fileID: 2100000, guid: 679eae61b3bdc694ab5f739484e9ecae, type: 2}
  m_StaticBatchInfo:
    firstSubMesh: 0
    subMeshCount: 0
  m_StaticBatchRoot: {fileID: 0}
  m_ProbeAnchor: {fileID: 0}
  m_LightProbeVolumeOverride: {fileID: 0}
  m_ScaleInLightmap: 1
  m_PreserveUVs: 0
  m_IgnoreNormalsForChartDetection: 0
  m_ImportantGI: 0
  m_StitchLightmapSeams: 0
  m_SelectedEditorRenderState: 3
  m_MinimumChartSize: 4
  m_AutoUVMaxDistance: 0.5
  m_AutoUVMaxAngle: 89
  m_LightmapParameters: {fileID: 0}
  m_SortingLayerID: 0
  m_SortingLayer: 0
  m_SortingOrder: 0
--- !u!64 &1543873004
MeshCollider:
  m_ObjectHideFlags: 0
  m_PrefabParentObject: {fileID: 0}
  m_PrefabInternal: {fileID: 0}
  m_GameObject: {fileID: 1543873000}
  m_Material: {fileID: 0}
  m_IsTrigger: 0
  m_Enabled: 1
  serializedVersion: 3
  m_Convex: 0
  m_CookingOptions: 14
  m_SkinWidth: 0.01
  m_Mesh: {fileID: 4300012, guid: 1840a0f0fb091f644901b1ecdeb9faaa, type: 3}
--- !u!64 &1543873005
MeshCollider:
  m_ObjectHideFlags: 0
  m_PrefabParentObject: {fileID: 0}
  m_PrefabInternal: {fileID: 0}
  m_GameObject: {fileID: 1543873000}
  m_Material: {fileID: 0}
  m_IsTrigger: 0
  m_Enabled: 1
  serializedVersion: 3
  m_Convex: 0
  m_CookingOptions: 14
  m_SkinWidth: 0.01
  m_Mesh: {fileID: 4300010, guid: 1840a0f0fb091f644901b1ecdeb9faaa, type: 3}
--- !u!64 &1543873006
MeshCollider:
  m_ObjectHideFlags: 0
  m_PrefabParentObject: {fileID: 0}
  m_PrefabInternal: {fileID: 0}
  m_GameObject: {fileID: 1543873000}
  m_Material: {fileID: 0}
  m_IsTrigger: 0
  m_Enabled: 1
  serializedVersion: 3
  m_Convex: 0
  m_CookingOptions: 14
  m_SkinWidth: 0.01
  m_Mesh: {fileID: 4300008, guid: 1840a0f0fb091f644901b1ecdeb9faaa, type: 3}
--- !u!64 &1543873007
MeshCollider:
  m_ObjectHideFlags: 0
  m_PrefabParentObject: {fileID: 0}
  m_PrefabInternal: {fileID: 0}
  m_GameObject: {fileID: 1543873000}
  m_Material: {fileID: 0}
  m_IsTrigger: 0
  m_Enabled: 1
  serializedVersion: 3
  m_Convex: 0
  m_CookingOptions: 14
  m_SkinWidth: 0.01
  m_Mesh: {fileID: 4300006, guid: 1840a0f0fb091f644901b1ecdeb9faaa, type: 3}
--- !u!64 &1543873008
MeshCollider:
  m_ObjectHideFlags: 0
  m_PrefabParentObject: {fileID: 0}
  m_PrefabInternal: {fileID: 0}
  m_GameObject: {fileID: 1543873000}
  m_Material: {fileID: 0}
  m_IsTrigger: 0
  m_Enabled: 1
  serializedVersion: 3
  m_Convex: 0
  m_CookingOptions: 14
  m_SkinWidth: 0.01
  m_Mesh: {fileID: 4300002, guid: 1840a0f0fb091f644901b1ecdeb9faaa, type: 3}
--- !u!54 &1543873009
Rigidbody:
  m_ObjectHideFlags: 0
  m_PrefabParentObject: {fileID: 0}
  m_PrefabInternal: {fileID: 0}
  m_GameObject: {fileID: 1543873000}
  serializedVersion: 2
  m_Mass: 1
  m_Drag: 0
  m_AngularDrag: 0.05
  m_UseGravity: 0
  m_IsKinematic: 1
  m_Interpolate: 0
  m_Constraints: 0
  m_CollisionDetection: 0
--- !u!4 &1543873010
Transform:
  m_ObjectHideFlags: 0
  m_PrefabParentObject: {fileID: 400002, guid: 1840a0f0fb091f644901b1ecdeb9faaa, type: 3}
  m_PrefabInternal: {fileID: 0}
  m_GameObject: {fileID: 1543873000}
  m_LocalRotation: {x: 0, y: -0, z: -0, w: 1}
  m_LocalPosition: {x: 1.46, y: 4.44, z: 4.33}
  m_LocalScale: {x: 2.5402412, y: 2.5402403, z: 2.5402403}
  m_Children:
  - {fileID: 904275323}
  - {fileID: 1273807105}
  - {fileID: 273195221}
  - {fileID: 291058378}
  - {fileID: 1027107231}
  - {fileID: 928879682}
  - {fileID: 680865975}
  - {fileID: 1427861690}
  - {fileID: 275643452}
  m_Father: {fileID: 0}
  m_RootOrder: 4
  m_LocalEulerAnglesHint: {x: 0, y: 0, z: 0}
--- !u!114 &1543873011
MonoBehaviour:
  m_ObjectHideFlags: 0
  m_PrefabParentObject: {fileID: 0}
  m_PrefabInternal: {fileID: 0}
  m_GameObject: {fileID: 1543873000}
  m_Enabled: 1
  m_EditorHideFlags: 0
  m_Script: {fileID: 11500000, guid: 86cb3d752f4ec5e4c9c418aa90b226e8, type: 3}
  m_Name: 
  m_EditorClassIdentifier: 
--- !u!1001 &1878479110
Prefab:
  m_ObjectHideFlags: 0
  serializedVersion: 2
  m_Modification:
    m_TransformParent: {fileID: 0}
    m_Modifications:
    - target: {fileID: 4861219021893420, guid: 8203bec5ea86b4807b7eee40353b7a55, type: 2}
      propertyPath: m_LocalPosition.x
      value: -2.31
      objectReference: {fileID: 0}
    - target: {fileID: 4861219021893420, guid: 8203bec5ea86b4807b7eee40353b7a55, type: 2}
      propertyPath: m_LocalPosition.y
      value: 32.33
      objectReference: {fileID: 0}
    - target: {fileID: 4861219021893420, guid: 8203bec5ea86b4807b7eee40353b7a55, type: 2}
      propertyPath: m_LocalPosition.z
      value: -26.5
      objectReference: {fileID: 0}
    - target: {fileID: 4861219021893420, guid: 8203bec5ea86b4807b7eee40353b7a55, type: 2}
      propertyPath: m_LocalRotation.x
      value: 0.32237333
      objectReference: {fileID: 0}
    - target: {fileID: 4861219021893420, guid: 8203bec5ea86b4807b7eee40353b7a55, type: 2}
      propertyPath: m_LocalRotation.y
      value: 0.014631029
      objectReference: {fileID: 0}
    - target: {fileID: 4861219021893420, guid: 8203bec5ea86b4807b7eee40353b7a55, type: 2}
      propertyPath: m_LocalRotation.z
      value: 0.06117179
      objectReference: {fileID: 0}
    - target: {fileID: 4861219021893420, guid: 8203bec5ea86b4807b7eee40353b7a55, type: 2}
      propertyPath: m_LocalRotation.w
      value: 0.9445207
      objectReference: {fileID: 0}
    - target: {fileID: 4861219021893420, guid: 8203bec5ea86b4807b7eee40353b7a55, type: 2}
      propertyPath: m_RootOrder
      value: 2
      objectReference: {fileID: 0}
    - target: {fileID: 4480156447629026, guid: 8203bec5ea86b4807b7eee40353b7a55, type: 2}
      propertyPath: m_LocalPosition.x
      value: -0.37
      objectReference: {fileID: 0}
    - target: {fileID: 4480156447629026, guid: 8203bec5ea86b4807b7eee40353b7a55, type: 2}
      propertyPath: m_LocalPosition.y
      value: 3.93
      objectReference: {fileID: 0}
    - target: {fileID: 4480156447629026, guid: 8203bec5ea86b4807b7eee40353b7a55, type: 2}
      propertyPath: m_LocalPosition.z
      value: -5.04
      objectReference: {fileID: 0}
    - target: {fileID: 4861219021893420, guid: 8203bec5ea86b4807b7eee40353b7a55, type: 2}
      propertyPath: m_LocalEulerAnglesHint.z
      value: 9.051001
      objectReference: {fileID: 0}
    - target: {fileID: 4861219021893420, guid: 8203bec5ea86b4807b7eee40353b7a55, type: 2}
      propertyPath: m_LocalEulerAnglesHint.x
      value: 37.386
      objectReference: {fileID: 0}
    - target: {fileID: 4861219021893420, guid: 8203bec5ea86b4807b7eee40353b7a55, type: 2}
      propertyPath: m_LocalEulerAnglesHint.y
      value: 4.8430004
      objectReference: {fileID: 0}
    - target: {fileID: 114537896828697414, guid: 8203bec5ea86b4807b7eee40353b7a55,
        type: 2}
      propertyPath: player
      value: 
      objectReference: {fileID: 300604913}
    m_RemovedComponents: []
  m_ParentPrefab: {fileID: 100100000, guid: 8203bec5ea86b4807b7eee40353b7a55, type: 2}
  m_IsPrefabParent: 0
--- !u!1001 &2012272052
Prefab:
  m_ObjectHideFlags: 0
  serializedVersion: 2
  m_Modification:
    m_TransformParent: {fileID: 0}
    m_Modifications:
    - target: {fileID: 4326893659827912, guid: a078c5101007a4716b83b0da45dc204b, type: 2}
      propertyPath: m_LocalPosition.x
      value: -2
      objectReference: {fileID: 0}
    - target: {fileID: 4326893659827912, guid: a078c5101007a4716b83b0da45dc204b, type: 2}
      propertyPath: m_LocalPosition.y
      value: 31
      objectReference: {fileID: 0}
    - target: {fileID: 4326893659827912, guid: a078c5101007a4716b83b0da45dc204b, type: 2}
      propertyPath: m_LocalPosition.z
      value: -7
      objectReference: {fileID: 0}
    - target: {fileID: 4326893659827912, guid: a078c5101007a4716b83b0da45dc204b, type: 2}
      propertyPath: m_LocalRotation.x
      value: 0
      objectReference: {fileID: 0}
    - target: {fileID: 4326893659827912, guid: a078c5101007a4716b83b0da45dc204b, type: 2}
      propertyPath: m_LocalRotation.y
      value: 0
      objectReference: {fileID: 0}
    - target: {fileID: 4326893659827912, guid: a078c5101007a4716b83b0da45dc204b, type: 2}
      propertyPath: m_LocalRotation.z
      value: 0
      objectReference: {fileID: 0}
    - target: {fileID: 4326893659827912, guid: a078c5101007a4716b83b0da45dc204b, type: 2}
      propertyPath: m_LocalRotation.w
      value: 1
      objectReference: {fileID: 0}
    - target: {fileID: 4326893659827912, guid: a078c5101007a4716b83b0da45dc204b, type: 2}
      propertyPath: m_RootOrder
      value: 1
      objectReference: {fileID: 0}
    - target: {fileID: 114561866973887490, guid: a078c5101007a4716b83b0da45dc204b,
        type: 2}
      propertyPath: quad
      value: 
      objectReference: {fileID: 456341935}
    - target: {fileID: 114561866973887490, guid: a078c5101007a4716b83b0da45dc204b,
        type: 2}
      propertyPath: platform
      value: 
      objectReference: {fileID: 1543873000}
    - target: {fileID: 4326893659827912, guid: a078c5101007a4716b83b0da45dc204b, type: 2}
      propertyPath: m_LocalEulerAnglesHint.x
      value: 0
      objectReference: {fileID: 0}
    - target: {fileID: 54436989562647786, guid: a078c5101007a4716b83b0da45dc204b,
        type: 2}
      propertyPath: m_Drag
      value: 0
      objectReference: {fileID: 0}
    - target: {fileID: 54436989562647786, guid: a078c5101007a4716b83b0da45dc204b,
        type: 2}
      propertyPath: m_AngularDrag
      value: 3
      objectReference: {fileID: 0}
    - target: {fileID: 23986379438462748, guid: a078c5101007a4716b83b0da45dc204b,
        type: 2}
      propertyPath: m_Materials.Array.data[0]
      value: 
      objectReference: {fileID: 2100000, guid: aeb8adb29ca39444ab84b641e957207b, type: 3}
    - target: {fileID: 114547304913491144, guid: a078c5101007a4716b83b0da45dc204b,
        type: 2}
      propertyPath: glassSound
      value: 
      objectReference: {fileID: 0}
    - target: {fileID: 114547304913491144, guid: a078c5101007a4716b83b0da45dc204b,
        type: 2}
      propertyPath: fallingSound
      value: 
      objectReference: {fileID: 0}
    - target: {fileID: 114547304913491144, guid: a078c5101007a4716b83b0da45dc204b,
        type: 2}
      propertyPath: rollingSound
      value: 
      objectReference: {fileID: 0}
    m_RemovedComponents: []
  m_ParentPrefab: {fileID: 100100000, guid: a078c5101007a4716b83b0da45dc204b, type: 2}
  m_IsPrefabParent: 0
