%YAML 1.1
%TAG !u! tag:unity3d.com,2011:
--- !u!29 &1
OcclusionCullingSettings:
  m_ObjectHideFlags: 0
  serializedVersion: 2
  m_OcclusionBakeSettings:
    smallestOccluder: 5
    smallestHole: 0.25
    backfaceThreshold: 100
  m_SceneGUID: 00000000000000000000000000000000
  m_OcclusionCullingData: {fileID: 0}
--- !u!104 &2
RenderSettings:
  m_ObjectHideFlags: 0
  serializedVersion: 8
  m_Fog: 0
  m_FogColor: {r: 0.5, g: 0.5, b: 0.5, a: 1}
  m_FogMode: 3
  m_FogDensity: 0.01
  m_LinearFogStart: 0
  m_LinearFogEnd: 300
  m_AmbientSkyColor: {r: 0.212, g: 0.227, b: 0.259, a: 1}
  m_AmbientEquatorColor: {r: 0.114, g: 0.125, b: 0.133, a: 1}
  m_AmbientGroundColor: {r: 0.047, g: 0.043, b: 0.035, a: 1}
  m_AmbientIntensity: 1
  m_AmbientMode: 0
  m_SubtractiveShadowColor: {r: 0.42, g: 0.478, b: 0.627, a: 1}
  m_SkyboxMaterial: {fileID: 2100000, guid: 794eb5f8516828240b12c676f5aac8c3, type: 2}
  m_HaloStrength: 0.5
  m_FlareStrength: 1
  m_FlareFadeSpeed: 3
  m_HaloTexture: {fileID: 0}
  m_SpotCookie: {fileID: 10001, guid: 0000000000000000e000000000000000, type: 0}
  m_DefaultReflectionMode: 0
  m_DefaultReflectionResolution: 128
  m_ReflectionBounces: 1
  m_ReflectionIntensity: 1
  m_CustomReflection: {fileID: 0}
  m_Sun: {fileID: 0}
  m_IndirectSpecularColor: {r: 0.332718, g: 0.43588057, b: 0.5797472, a: 1}
--- !u!157 &3
LightmapSettings:
  m_ObjectHideFlags: 0
  serializedVersion: 11
  m_GIWorkflowMode: 0
  m_GISettings:
    serializedVersion: 2
    m_BounceScale: 1
    m_IndirectOutputScale: 1
    m_AlbedoBoost: 1
    m_TemporalCoherenceThreshold: 1
    m_EnvironmentLightingMode: 0
    m_EnableBakedLightmaps: 1
    m_EnableRealtimeLightmaps: 1
  m_LightmapEditorSettings:
    serializedVersion: 9
    m_Resolution: 2
    m_BakeResolution: 40
    m_TextureWidth: 1024
    m_TextureHeight: 1024
    m_AO: 0
    m_AOMaxDistance: 1
    m_CompAOExponent: 1
    m_CompAOExponentDirect: 0
    m_Padding: 2
    m_LightmapParameters: {fileID: 0}
    m_LightmapsBakeMode: 1
    m_TextureCompression: 1
    m_FinalGather: 0
    m_FinalGatherFiltering: 1
    m_FinalGatherRayCount: 256
    m_ReflectionCompression: 2
    m_MixedBakeMode: 2
    m_BakeBackend: 0
    m_PVRSampling: 1
    m_PVRDirectSampleCount: 32
    m_PVRSampleCount: 500
    m_PVRBounces: 2
    m_PVRFilterTypeDirect: 0
    m_PVRFilterTypeIndirect: 0
    m_PVRFilterTypeAO: 0
    m_PVRFilteringMode: 1
    m_PVRCulling: 1
    m_PVRFilteringGaussRadiusDirect: 1
    m_PVRFilteringGaussRadiusIndirect: 5
    m_PVRFilteringGaussRadiusAO: 2
    m_PVRFilteringAtrousPositionSigmaDirect: 0.5
    m_PVRFilteringAtrousPositionSigmaIndirect: 2
    m_PVRFilteringAtrousPositionSigmaAO: 1
    m_ShowResolutionOverlay: 1
  m_LightingDataAsset: {fileID: 0}
  m_UseShadowmask: 1
--- !u!196 &4
NavMeshSettings:
  serializedVersion: 2
  m_ObjectHideFlags: 0
  m_BuildSettings:
    serializedVersion: 2
    agentTypeID: 0
    agentRadius: 0.5
    agentHeight: 2
    agentSlope: 45
    agentClimb: 0.4
    ledgeDropHeight: 0
    maxJumpAcrossDistance: 0
    minRegionArea: 2
    manualCellSize: 0
    cellSize: 0.16666667
    manualTileSize: 0
    tileSize: 256
    accuratePlacement: 0
    debug:
      m_Flags: 0
  m_NavMeshData: {fileID: 0}
--- !u!1 &131151760 stripped
GameObject:
  m_PrefabParentObject: {fileID: 1713369576811688, guid: 8203bec5ea86b4807b7eee40353b7a55,
    type: 2}
  m_PrefabInternal: {fileID: 340701850}
--- !u!82 &131151761
AudioSource:
  m_ObjectHideFlags: 0
  m_PrefabParentObject: {fileID: 0}
  m_PrefabInternal: {fileID: 0}
  m_GameObject: {fileID: 131151760}
  m_Enabled: 1
  serializedVersion: 4
  OutputAudioMixerGroup: {fileID: 0}
  m_audioClip: {fileID: 8300000, guid: 170df5a84f57241fd8d6f2090e0fcc9b, type: 3}
  m_PlayOnAwake: 0
  m_Volume: 1
  m_Pitch: 1
  Loop: 0
  Mute: 0
  Spatialize: 0
  SpatializePostEffects: 0
  Priority: 128
  DopplerLevel: 1
  MinDistance: 1
  MaxDistance: 500
  Pan2D: 0
  rolloffMode: 0
  BypassEffects: 0
  BypassListenerEffects: 0
  BypassReverbZones: 0
  rolloffCustomCurve:
    serializedVersion: 2
    m_Curve:
    - serializedVersion: 2
      time: 0
      value: 1
      inSlope: 0
      outSlope: 0
      tangentMode: 0
    - serializedVersion: 2
      time: 1
      value: 0
      inSlope: 0
      outSlope: 0
      tangentMode: 0
    m_PreInfinity: 2
    m_PostInfinity: 2
    m_RotationOrder: 4
  panLevelCustomCurve:
    serializedVersion: 2
    m_Curve:
    - serializedVersion: 2
      time: 0
      value: 0
      inSlope: 0
      outSlope: 0
      tangentMode: 0
    m_PreInfinity: 2
    m_PostInfinity: 2
    m_RotationOrder: 0
  spreadCustomCurve:
    serializedVersion: 2
    m_Curve:
    - serializedVersion: 2
      time: 0
      value: 0
      inSlope: 0
      outSlope: 0
      tangentMode: 0
    m_PreInfinity: 2
    m_PostInfinity: 2
    m_RotationOrder: 4
  reverbZoneMixCustomCurve:
    serializedVersion: 2
    m_Curve:
    - serializedVersion: 2
      time: 0
      value: 1
      inSlope: 0
      outSlope: 0
      tangentMode: 0
    m_PreInfinity: 2
    m_PostInfinity: 2
    m_RotationOrder: 0
--- !u!1001 &169640139
Prefab:
  m_ObjectHideFlags: 0
  serializedVersion: 2
  m_Modification:
    m_TransformParent: {fileID: 0}
    m_Modifications:
    - target: {fileID: 4746750869859832, guid: 9598b83e08b8a4195a3db4715eb9e514, type: 2}
      propertyPath: m_LocalPosition.x
      value: -7.0999985
      objectReference: {fileID: 0}
    - target: {fileID: 4746750869859832, guid: 9598b83e08b8a4195a3db4715eb9e514, type: 2}
      propertyPath: m_LocalPosition.y
      value: 6006.2
      objectReference: {fileID: 0}
    - target: {fileID: 4746750869859832, guid: 9598b83e08b8a4195a3db4715eb9e514, type: 2}
      propertyPath: m_LocalPosition.z
      value: -7.5
      objectReference: {fileID: 0}
    - target: {fileID: 4746750869859832, guid: 9598b83e08b8a4195a3db4715eb9e514, type: 2}
      propertyPath: m_LocalRotation.x
      value: -0.7071068
      objectReference: {fileID: 0}
    - target: {fileID: 4746750869859832, guid: 9598b83e08b8a4195a3db4715eb9e514, type: 2}
      propertyPath: m_LocalRotation.y
      value: 0
      objectReference: {fileID: 0}
    - target: {fileID: 4746750869859832, guid: 9598b83e08b8a4195a3db4715eb9e514, type: 2}
      propertyPath: m_LocalRotation.z
      value: 0
      objectReference: {fileID: 0}
    - target: {fileID: 4746750869859832, guid: 9598b83e08b8a4195a3db4715eb9e514, type: 2}
      propertyPath: m_LocalRotation.w
      value: 0.7071068
      objectReference: {fileID: 0}
    - target: {fileID: 4746750869859832, guid: 9598b83e08b8a4195a3db4715eb9e514, type: 2}
      propertyPath: m_RootOrder
      value: 4
      objectReference: {fileID: 0}
    - target: {fileID: 23511526749141062, guid: 9598b83e08b8a4195a3db4715eb9e514,
        type: 2}
      propertyPath: m_Enabled
      value: 0
      objectReference: {fileID: 0}
    - target: {fileID: 114254344533606794, guid: 9598b83e08b8a4195a3db4715eb9e514,
        type: 2}
      propertyPath: m_Enabled
      value: 1
      objectReference: {fileID: 0}
    - target: {fileID: 114254344533606794, guid: 9598b83e08b8a4195a3db4715eb9e514,
        type: 2}
      propertyPath: quad
      value: 
      objectReference: {fileID: 369855285}
    - target: {fileID: 114254344533606794, guid: 9598b83e08b8a4195a3db4715eb9e514,
        type: 2}
      propertyPath: platform
      value: 
      objectReference: {fileID: 1922084036}
    m_RemovedComponents:
    - {fileID: 114254344533606794, guid: 9598b83e08b8a4195a3db4715eb9e514, type: 2}
  m_ParentPrefab: {fileID: 100100000, guid: 9598b83e08b8a4195a3db4715eb9e514, type: 2}
  m_IsPrefabParent: 0
--- !u!1001 &340701850
Prefab:
  m_ObjectHideFlags: 0
  serializedVersion: 2
  m_Modification:
    m_TransformParent: {fileID: 0}
    m_Modifications:
    - target: {fileID: 4861219021893420, guid: 8203bec5ea86b4807b7eee40353b7a55, type: 2}
      propertyPath: m_LocalPosition.x
      value: -3.4052355
      objectReference: {fileID: 0}
    - target: {fileID: 4861219021893420, guid: 8203bec5ea86b4807b7eee40353b7a55, type: 2}
      propertyPath: m_LocalPosition.y
      value: 6067.472
      objectReference: {fileID: 0}
    - target: {fileID: 4861219021893420, guid: 8203bec5ea86b4807b7eee40353b7a55, type: 2}
      propertyPath: m_LocalPosition.z
      value: -32.356472
      objectReference: {fileID: 0}
    - target: {fileID: 4861219021893420, guid: 8203bec5ea86b4807b7eee40353b7a55, type: 2}
      propertyPath: m_LocalRotation.x
      value: 0.027287029
      objectReference: {fileID: 0}
    - target: {fileID: 4861219021893420, guid: 8203bec5ea86b4807b7eee40353b7a55, type: 2}
      propertyPath: m_LocalRotation.y
      value: -0.004345884
      objectReference: {fileID: 0}
    - target: {fileID: 4861219021893420, guid: 8203bec5ea86b4807b7eee40353b7a55, type: 2}
      propertyPath: m_LocalRotation.z
      value: 0.068204075
      objectReference: {fileID: 0}
    - target: {fileID: 4861219021893420, guid: 8203bec5ea86b4807b7eee40353b7a55, type: 2}
      propertyPath: m_LocalRotation.w
      value: 0.9972887
      objectReference: {fileID: 0}
    - target: {fileID: 4861219021893420, guid: 8203bec5ea86b4807b7eee40353b7a55, type: 2}
      propertyPath: m_RootOrder
      value: 3
      objectReference: {fileID: 0}
    - target: {fileID: 114537896828697414, guid: 8203bec5ea86b4807b7eee40353b7a55,
        type: 2}
      propertyPath: player
      value: 
      objectReference: {fileID: 1071218227}
    - target: {fileID: 114537896828697414, guid: 8203bec5ea86b4807b7eee40353b7a55,
        type: 2}
      propertyPath: camLerp
      value: 0.476
      objectReference: {fileID: 0}
    - target: {fileID: 114537896828697414, guid: 8203bec5ea86b4807b7eee40353b7a55,
        type: 2}
      propertyPath: rotationSpeed
      value: 1.12
      objectReference: {fileID: 0}
    - target: {fileID: 4040560927241604, guid: 8203bec5ea86b4807b7eee40353b7a55, type: 2}
      propertyPath: m_LocalPosition.x
      value: -0.12
      objectReference: {fileID: 0}
    - target: {fileID: 4040560927241604, guid: 8203bec5ea86b4807b7eee40353b7a55, type: 2}
      propertyPath: m_LocalPosition.y
      value: 2.22
      objectReference: {fileID: 0}
    - target: {fileID: 4040560927241604, guid: 8203bec5ea86b4807b7eee40353b7a55, type: 2}
      propertyPath: m_LocalPosition.z
      value: -4.98
      objectReference: {fileID: 0}
    - target: {fileID: 20524489429197142, guid: 8203bec5ea86b4807b7eee40353b7a55,
        type: 2}
      propertyPath: field of view
      value: 96.5
      objectReference: {fileID: 0}
    m_RemovedComponents: []
  m_ParentPrefab: {fileID: 100100000, guid: 8203bec5ea86b4807b7eee40353b7a55, type: 2}
  m_IsPrefabParent: 0
--- !u!1 &369855285 stripped
GameObject:
  m_PrefabParentObject: {fileID: 1667879387348984, guid: a078c5101007a4716b83b0da45dc204b,
    type: 2}
  m_PrefabInternal: {fileID: 1694230353}
--- !u!82 &369855294
AudioSource:
  m_ObjectHideFlags: 0
  m_PrefabParentObject: {fileID: 0}
  m_PrefabInternal: {fileID: 0}
  m_GameObject: {fileID: 369855285}
  m_Enabled: 1
  serializedVersion: 4
  OutputAudioMixerGroup: {fileID: 0}
  m_audioClip: {fileID: 8300000, guid: 1e0f0ff11a55b4907a70e28ea3f1c377, type: 3}
  m_PlayOnAwake: 0
  m_Volume: 1
  m_Pitch: 1
  Loop: 0
  Mute: 0
  Spatialize: 0
  SpatializePostEffects: 0
  Priority: 0
  DopplerLevel: 1
  MinDistance: 1
  MaxDistance: 500
  Pan2D: 0
  rolloffMode: 0
  BypassEffects: 0
  BypassListenerEffects: 0
  BypassReverbZones: 0
  rolloffCustomCurve:
    serializedVersion: 2
    m_Curve:
    - serializedVersion: 2
      time: 0
      value: 1
      inSlope: 0
      outSlope: 0
      tangentMode: 0
    - serializedVersion: 2
      time: 1
      value: 0
      inSlope: 0
      outSlope: 0
      tangentMode: 0
    m_PreInfinity: 2
    m_PostInfinity: 2
    m_RotationOrder: 4
  panLevelCustomCurve:
    serializedVersion: 2
    m_Curve:
    - serializedVersion: 2
      time: 0
      value: 0
      inSlope: 0
      outSlope: 0
      tangentMode: 0
    m_PreInfinity: 2
    m_PostInfinity: 2
    m_RotationOrder: 0
  spreadCustomCurve:
    serializedVersion: 2
    m_Curve:
    - serializedVersion: 2
      time: 0
      value: 0
      inSlope: 0
      outSlope: 0
      tangentMode: 0
    m_PreInfinity: 2
    m_PostInfinity: 2
    m_RotationOrder: 4
  reverbZoneMixCustomCurve:
    serializedVersion: 2
    m_Curve:
    - serializedVersion: 2
      time: 0
      value: 1
      inSlope: 0
      outSlope: 0
      tangentMode: 0
    m_PreInfinity: 2
    m_PostInfinity: 2
    m_RotationOrder: 0
--- !u!1 &853864250
GameObject:
  m_ObjectHideFlags: 0
  m_PrefabParentObject: {fileID: 0}
  m_PrefabInternal: {fileID: 0}
  serializedVersion: 5
  m_Component:
  - component: {fileID: 853864251}
  - component: {fileID: 853864256}
  - component: {fileID: 853864255}
  - component: {fileID: 853864254}
  - component: {fileID: 853864253}
  - component: {fileID: 853864252}
  - component: {fileID: 853864257}
  m_Layer: 0
  m_Name: Gate
  m_TagString: Untagged
  m_Icon: {fileID: 0}
  m_NavMeshLayer: 0
  m_StaticEditorFlags: 0
  m_IsActive: 1
--- !u!4 &853864251
Transform:
  m_ObjectHideFlags: 0
  m_PrefabParentObject: {fileID: 0}
  m_PrefabInternal: {fileID: 0}
  m_GameObject: {fileID: 853864250}
  m_LocalRotation: {x: -0.5947012, y: 0.38253176, z: 0.38253176, w: 0.5947012}
  m_LocalPosition: {x: 9.83872, y: -4.631648, z: 9.593289}
  m_LocalScale: {x: -0.8121184, y: -1.298613, z: -2.3325431}
  m_Children: []
  m_Father: {fileID: 1922084038}
  m_RootOrder: 3
  m_LocalEulerAnglesHint: {x: 0, y: 0, z: 65.501}
--- !u!54 &853864252
Rigidbody:
  m_ObjectHideFlags: 0
  m_PrefabParentObject: {fileID: 0}
  m_PrefabInternal: {fileID: 0}
  m_GameObject: {fileID: 853864250}
  serializedVersion: 2
  m_Mass: 1
  m_Drag: 0
  m_AngularDrag: 0.05
  m_UseGravity: 0
  m_IsKinematic: 1
  m_Interpolate: 0
  m_Constraints: 0
  m_CollisionDetection: 0
--- !u!65 &853864253
BoxCollider:
  m_ObjectHideFlags: 0
  m_PrefabParentObject: {fileID: 0}
  m_PrefabInternal: {fileID: 0}
  m_GameObject: {fileID: 853864250}
  m_Material: {fileID: 0}
  m_IsTrigger: 0
  m_Enabled: 1
  serializedVersion: 2
  m_Size: {x: 1.0000008, y: 1.0000004, z: 1.0000005}
  m_Center: {x: 0.0000019073486, y: 0, z: 0}
--- !u!23 &853864254
MeshRenderer:
  m_ObjectHideFlags: 0
  m_PrefabParentObject: {fileID: 0}
  m_PrefabInternal: {fileID: 0}
  m_GameObject: {fileID: 853864250}
  m_Enabled: 0
  m_CastShadows: 1
  m_ReceiveShadows: 1
  m_DynamicOccludee: 1
  m_MotionVectors: 1
  m_LightProbeUsage: 1
  m_ReflectionProbeUsage: 1
  m_Materials:
  - {fileID: 10303, guid: 0000000000000000f000000000000000, type: 0}
  m_StaticBatchInfo:
    firstSubMesh: 0
    subMeshCount: 0
  m_StaticBatchRoot: {fileID: 0}
  m_ProbeAnchor: {fileID: 0}
  m_LightProbeVolumeOverride: {fileID: 0}
  m_ScaleInLightmap: 1
  m_PreserveUVs: 1
  m_IgnoreNormalsForChartDetection: 0
  m_ImportantGI: 0
  m_StitchLightmapSeams: 0
  m_SelectedEditorRenderState: 3
  m_MinimumChartSize: 4
  m_AutoUVMaxDistance: 0.5
  m_AutoUVMaxAngle: 89
  m_LightmapParameters: {fileID: 0}
  m_SortingLayerID: 0
  m_SortingLayer: 0
  m_SortingOrder: 0
--- !u!65 &853864255
BoxCollider:
  m_ObjectHideFlags: 0
  m_PrefabParentObject: {fileID: 0}
  m_PrefabInternal: {fileID: 0}
  m_GameObject: {fileID: 853864250}
  m_Material: {fileID: 0}
  m_IsTrigger: 0
  m_Enabled: 1
  serializedVersion: 2
  m_Size: {x: 1, y: 1, z: 1}
  m_Center: {x: 0, y: 0, z: 0}
--- !u!33 &853864256
MeshFilter:
  m_ObjectHideFlags: 0
  m_PrefabParentObject: {fileID: 0}
  m_PrefabInternal: {fileID: 0}
  m_GameObject: {fileID: 853864250}
  m_Mesh: {fileID: 10202, guid: 0000000000000000e000000000000000, type: 0}
--- !u!114 &853864257
MonoBehaviour:
  m_ObjectHideFlags: 0
  m_PrefabParentObject: {fileID: 0}
  m_PrefabInternal: {fileID: 0}
  m_GameObject: {fileID: 853864250}
  m_Enabled: 1
  m_EditorHideFlags: 0
  m_Script: {fileID: 11500000, guid: b896d505abb52432898d89fa17a5b89e, type: 3}
  m_Name: 
  m_EditorClassIdentifier: 
  player: {fileID: 369855285}
  LVL1: 
  LVL2: 
  LVL3: 
  LVL4: 
  LVL5: 
  bgm1: {fileID: 1922084041}
  bgm2: {fileID: 0}
  bgm3: {fileID: 0}
  bgm4: {fileID: 0}
  bgm5: {fileID: 0}
--- !u!1001 &959692899
Prefab:
  m_ObjectHideFlags: 0
  serializedVersion: 2
  m_Modification:
    m_TransformParent: {fileID: 0}
    m_Modifications:
    - target: {fileID: 400000, guid: aeb8adb29ca39444ab84b641e957207b, type: 3}
      propertyPath: m_LocalPosition.x
      value: 4.8
      objectReference: {fileID: 0}
    - target: {fileID: 400000, guid: aeb8adb29ca39444ab84b641e957207b, type: 3}
      propertyPath: m_LocalPosition.y
      value: 6055.9004
      objectReference: {fileID: 0}
    - target: {fileID: 400000, guid: aeb8adb29ca39444ab84b641e957207b, type: 3}
      propertyPath: m_LocalPosition.z
      value: -7.5
      objectReference: {fileID: 0}
    - target: {fileID: 400000, guid: aeb8adb29ca39444ab84b641e957207b, type: 3}
      propertyPath: m_LocalRotation.x
      value: 0
      objectReference: {fileID: 0}
    - target: {fileID: 400000, guid: aeb8adb29ca39444ab84b641e957207b, type: 3}
      propertyPath: m_LocalRotation.y
      value: 0
      objectReference: {fileID: 0}
    - target: {fileID: 400000, guid: aeb8adb29ca39444ab84b641e957207b, type: 3}
      propertyPath: m_LocalRotation.z
      value: 0
      objectReference: {fileID: 0}
    - target: {fileID: 400000, guid: aeb8adb29ca39444ab84b641e957207b, type: 3}
      propertyPath: m_LocalRotation.w
      value: 1
      objectReference: {fileID: 0}
    - target: {fileID: 400000, guid: aeb8adb29ca39444ab84b641e957207b, type: 3}
      propertyPath: m_RootOrder
      value: 1
      objectReference: {fileID: 0}
    - target: {fileID: 100000, guid: aeb8adb29ca39444ab84b641e957207b, type: 3}
      propertyPath: m_Name
      value: Level1
      objectReference: {fileID: 0}
    - target: {fileID: 400000, guid: aeb8adb29ca39444ab84b641e957207b, type: 3}
      propertyPath: m_LocalScale.x
      value: 1.850698
      objectReference: {fileID: 0}
    - target: {fileID: 400000, guid: aeb8adb29ca39444ab84b641e957207b, type: 3}
      propertyPath: m_LocalScale.y
      value: 1.8506972
      objectReference: {fileID: 0}
    - target: {fileID: 400000, guid: aeb8adb29ca39444ab84b641e957207b, type: 3}
      propertyPath: m_LocalScale.z
      value: 1.8506972
      objectReference: {fileID: 0}
    - target: {fileID: 400000, guid: aeb8adb29ca39444ab84b641e957207b, type: 3}
      propertyPath: m_LocalEulerAnglesHint.x
      value: 0
      objectReference: {fileID: 0}
    - target: {fileID: 400002, guid: aeb8adb29ca39444ab84b641e957207b, type: 3}
      propertyPath: m_RootOrder
      value: 1
      objectReference: {fileID: 0}
    - target: {fileID: 400004, guid: aeb8adb29ca39444ab84b641e957207b, type: 3}
      propertyPath: m_RootOrder
      value: 2
      objectReference: {fileID: 0}
    - target: {fileID: 100000, guid: aeb8adb29ca39444ab84b641e957207b, type: 3}
      propertyPath: m_TagString
      value: ground
      objectReference: {fileID: 0}
    - target: {fileID: 2300000, guid: aeb8adb29ca39444ab84b641e957207b, type: 3}
      propertyPath: m_Materials.Array.data[0]
      value: 
      objectReference: {fileID: 2100000, guid: 679eae61b3bdc694ab5f739484e9ecae, type: 2}
    - target: {fileID: 2300002, guid: aeb8adb29ca39444ab84b641e957207b, type: 3}
      propertyPath: m_Materials.Array.data[0]
      value: 
      objectReference: {fileID: 2100000, guid: 679eae61b3bdc694ab5f739484e9ecae, type: 2}
    - target: {fileID: 100002, guid: aeb8adb29ca39444ab84b641e957207b, type: 3}
      propertyPath: m_StaticEditorFlags
      value: 1
      objectReference: {fileID: 0}
    - target: {fileID: 100004, guid: aeb8adb29ca39444ab84b641e957207b, type: 3}
      propertyPath: m_StaticEditorFlags
      value: 0
      objectReference: {fileID: 0}
    - target: {fileID: 2300002, guid: aeb8adb29ca39444ab84b641e957207b, type: 3}
      propertyPath: m_CastShadows
      value: 0
      objectReference: {fileID: 0}
    - target: {fileID: 2300000, guid: aeb8adb29ca39444ab84b641e957207b, type: 3}
      propertyPath: m_CastShadows
      value: 1
      objectReference: {fileID: 0}
    - target: {fileID: 2300000, guid: aeb8adb29ca39444ab84b641e957207b, type: 3}
      propertyPath: m_ReceiveShadows
      value: 1
      objectReference: {fileID: 0}
    - target: {fileID: 2300002, guid: aeb8adb29ca39444ab84b641e957207b, type: 3}
      propertyPath: m_ReceiveShadows
      value: 1
      objectReference: {fileID: 0}
    - target: {fileID: 2300000, guid: aeb8adb29ca39444ab84b641e957207b, type: 3}
      propertyPath: m_MotionVectors
      value: 1
      objectReference: {fileID: 0}
    - target: {fileID: 2300000, guid: aeb8adb29ca39444ab84b641e957207b, type: 3}
      propertyPath: m_DynamicOccludee
      value: 0
      objectReference: {fileID: 0}
    - target: {fileID: 2300000, guid: aeb8adb29ca39444ab84b641e957207b, type: 3}
      propertyPath: m_ReflectionProbeUsage
      value: 1
      objectReference: {fileID: 0}
    - target: {fileID: 2300000, guid: aeb8adb29ca39444ab84b641e957207b, type: 3}
      propertyPath: m_ImportantGI
      value: 0
      objectReference: {fileID: 0}
    - target: {fileID: 2300000, guid: aeb8adb29ca39444ab84b641e957207b, type: 3}
      propertyPath: m_LightmapParameters
      value: 
      objectReference: {fileID: 15200, guid: 0000000000000000f000000000000000, type: 0}
    - target: {fileID: 2300000, guid: aeb8adb29ca39444ab84b641e957207b, type: 3}
      propertyPath: m_ScaleInLightmap
      value: 32.1
      objectReference: {fileID: 0}
    - target: {fileID: 2300002, guid: aeb8adb29ca39444ab84b641e957207b, type: 3}
      propertyPath: m_DynamicOccludee
      value: 1
      objectReference: {fileID: 0}
    - target: {fileID: 100002, guid: aeb8adb29ca39444ab84b641e957207b, type: 3}
      propertyPath: m_TagString
      value: ground
      objectReference: {fileID: 0}
    - target: {fileID: 100004, guid: aeb8adb29ca39444ab84b641e957207b, type: 3}
      propertyPath: m_TagString
      value: ground
      objectReference: {fileID: 0}
    - target: {fileID: 2300000, guid: aeb8adb29ca39444ab84b641e957207b, type: 3}
      propertyPath: m_Enabled
      value: 1
      objectReference: {fileID: 0}
    m_RemovedComponents: []
  m_ParentPrefab: {fileID: 100100000, guid: aeb8adb29ca39444ab84b641e957207b, type: 3}
  m_IsPrefabParent: 0
--- !u!1001 &1008488487
Prefab:
  m_ObjectHideFlags: 0
  serializedVersion: 2
  m_Modification:
    m_TransformParent: {fileID: 1922084038}
    m_Modifications:
    - target: {fileID: 4811583350247656, guid: 1a54b2b55558c410f9473b7c49a0cae5, type: 2}
      propertyPath: m_LocalPosition.x
      value: 9.56
      objectReference: {fileID: 0}
    - target: {fileID: 4811583350247656, guid: 1a54b2b55558c410f9473b7c49a0cae5, type: 2}
      propertyPath: m_LocalPosition.y
      value: -4.7551236
      objectReference: {fileID: 0}
    - target: {fileID: 4811583350247656, guid: 1a54b2b55558c410f9473b7c49a0cae5, type: 2}
      propertyPath: m_LocalPosition.z
      value: 9.3478
      objectReference: {fileID: 0}
    - target: {fileID: 4811583350247656, guid: 1a54b2b55558c410f9473b7c49a0cae5, type: 2}
      propertyPath: m_LocalRotation.x
      value: -0.6209566
      objectReference: {fileID: 0}
    - target: {fileID: 4811583350247656, guid: 1a54b2b55558c410f9473b7c49a0cae5, type: 2}
      propertyPath: m_LocalRotation.y
      value: -0.20917913
      objectReference: {fileID: 0}
    - target: {fileID: 4811583350247656, guid: 1a54b2b55558c410f9473b7c49a0cae5, type: 2}
      propertyPath: m_LocalRotation.z
      value: -0.11000558
      objectReference: {fileID: 0}
    - target: {fileID: 4811583350247656, guid: 1a54b2b55558c410f9473b7c49a0cae5, type: 2}
      propertyPath: m_LocalRotation.w
      value: 0.74736595
      objectReference: {fileID: 0}
    - target: {fileID: 4811583350247656, guid: 1a54b2b55558c410f9473b7c49a0cae5, type: 2}
      propertyPath: m_RootOrder
      value: 0
      objectReference: {fileID: 0}
    - target: {fileID: 23202674331648596, guid: 1a54b2b55558c410f9473b7c49a0cae5,
        type: 2}
      propertyPath: m_ReceiveShadows
      value: 1
      objectReference: {fileID: 0}
    - target: {fileID: 114018300237062666, guid: 1a54b2b55558c410f9473b7c49a0cae5,
        type: 2}
      propertyPath: player
      value: 
      objectReference: {fileID: 369855285}
    - target: {fileID: 114018300237062666, guid: 1a54b2b55558c410f9473b7c49a0cae5,
        type: 2}
      propertyPath: bgm1
      value: 
      objectReference: {fileID: 1922084041}
    - target: {fileID: 64192552386803976, guid: 1a54b2b55558c410f9473b7c49a0cae5,
        type: 2}
      propertyPath: m_Convex
      value: 0
      objectReference: {fileID: 0}
    m_RemovedComponents:
    - {fileID: 114018300237062666, guid: 1a54b2b55558c410f9473b7c49a0cae5, type: 2}
  m_ParentPrefab: {fileID: 100100000, guid: 1a54b2b55558c410f9473b7c49a0cae5, type: 2}
  m_IsPrefabParent: 0
--- !u!4 &1071218227 stripped
Transform:
  m_PrefabParentObject: {fileID: 4326893659827912, guid: a078c5101007a4716b83b0da45dc204b,
    type: 2}
  m_PrefabInternal: {fileID: 1694230353}
--- !u!1 &1181076158 stripped
GameObject:
  m_PrefabParentObject: {fileID: 1089513031269332, guid: 9598b83e08b8a4195a3db4715eb9e514,
    type: 2}
  m_PrefabInternal: {fileID: 169640139}
--- !u!82 &1181076159
AudioSource:
  m_ObjectHideFlags: 0
  m_PrefabParentObject: {fileID: 0}
  m_PrefabInternal: {fileID: 0}
  m_GameObject: {fileID: 1181076158}
  m_Enabled: 1
  serializedVersion: 4
  OutputAudioMixerGroup: {fileID: 0}
  m_audioClip: {fileID: 8300000, guid: 738d12b8561dc4025a2e8e2ffc4168d3, type: 3}
  m_PlayOnAwake: 0
  m_Volume: 1
  m_Pitch: 1
  Loop: 0
  Mute: 0
  Spatialize: 0
  SpatializePostEffects: 0
  Priority: 128
  DopplerLevel: 1
  MinDistance: 1
  MaxDistance: 500
  Pan2D: 0
  rolloffMode: 0
  BypassEffects: 0
  BypassListenerEffects: 0
  BypassReverbZones: 0
  rolloffCustomCurve:
    serializedVersion: 2
    m_Curve:
    - serializedVersion: 2
      time: 0
      value: 1
      inSlope: 0
      outSlope: 0
      tangentMode: 0
    - serializedVersion: 2
      time: 1
      value: 0
      inSlope: 0
      outSlope: 0
      tangentMode: 0
    m_PreInfinity: 2
    m_PostInfinity: 2
    m_RotationOrder: 4
  panLevelCustomCurve:
    serializedVersion: 2
    m_Curve:
    - serializedVersion: 2
      time: 0
      value: 0
      inSlope: 0
      outSlope: 0
      tangentMode: 0
    m_PreInfinity: 2
    m_PostInfinity: 2
    m_RotationOrder: 0
  spreadCustomCurve:
    serializedVersion: 2
    m_Curve:
    - serializedVersion: 2
      time: 0
      value: 0
      inSlope: 0
      outSlope: 0
      tangentMode: 0
    m_PreInfinity: 2
    m_PostInfinity: 2
    m_RotationOrder: 4
  reverbZoneMixCustomCurve:
    serializedVersion: 2
    m_Curve:
    - serializedVersion: 2
      time: 0
      value: 1
      inSlope: 0
      outSlope: 0
      tangentMode: 0
    m_PreInfinity: 2
    m_PostInfinity: 2
    m_RotationOrder: 0
--- !u!1 &1316938356
GameObject:
  m_ObjectHideFlags: 0
  m_PrefabParentObject: {fileID: 0}
  m_PrefabInternal: {fileID: 0}
  serializedVersion: 5
  m_Component:
  - component: {fileID: 1316938358}
  - component: {fileID: 1316938357}
  m_Layer: 0
  m_Name: Directional Light
  m_TagString: Untagged
  m_Icon: {fileID: 0}
  m_NavMeshLayer: 0
  m_StaticEditorFlags: 0
  m_IsActive: 1
--- !u!108 &1316938357
Light:
  m_ObjectHideFlags: 0
  m_PrefabParentObject: {fileID: 0}
  m_PrefabInternal: {fileID: 0}
  m_GameObject: {fileID: 1316938356}
  m_Enabled: 1
  serializedVersion: 8
  m_Type: 1
  m_Color: {r: 0.07352942, g: 0.80831623, b: 1, a: 1}
  m_Intensity: 0.68
  m_Range: 17.64
  m_SpotAngle: 179
  m_CookieSize: 10
  m_Shadows:
    m_Type: 0
    m_Resolution: -1
    m_CustomResolution: -1
    m_Strength: 1
    m_Bias: 0.05
    m_NormalBias: 0.4
    m_NearPlane: 0.2
  m_Cookie: {fileID: 0}
  m_DrawHalo: 0
  m_Flare: {fileID: 0}
  m_RenderMode: 0
  m_CullingMask:
    serializedVersion: 2
    m_Bits: 4294967295
  m_Lightmapping: 4
  m_AreaSize: {x: 1, y: 1}
  m_BounceIntensity: 9.25
  m_ColorTemperature: 6570
  m_UseColorTemperature: 0
  m_ShadowRadius: 0
  m_ShadowAngle: 0
--- !u!4 &1316938358
Transform:
  m_ObjectHideFlags: 0
  m_PrefabParentObject: {fileID: 0}
  m_PrefabInternal: {fileID: 0}
  m_GameObject: {fileID: 1316938356}
  m_LocalRotation: {x: 0.8450616, y: 0.2084868, z: -0.06879045, w: 0.4875163}
  m_LocalPosition: {x: -6, y: 6080.8, z: 15.8}
  m_LocalScale: {x: 8.467417, y: 8.467409, z: 8.467409}
  m_Children: []
  m_Father: {fileID: 0}
  m_RootOrder: 0
  m_LocalEulerAnglesHint: {x: 58.501003, y: 170.41301, z: 146.90501}
--- !u!1001 &1694230353
Prefab:
  m_ObjectHideFlags: 0
  serializedVersion: 2
  m_Modification:
    m_TransformParent: {fileID: 0}
    m_Modifications:
    - target: {fileID: 4326893659827912, guid: a078c5101007a4716b83b0da45dc204b, type: 2}
      propertyPath: m_LocalPosition.x
      value: -5.06
      objectReference: {fileID: 0}
    - target: {fileID: 4326893659827912, guid: a078c5101007a4716b83b0da45dc204b, type: 2}
      propertyPath: m_LocalPosition.y
      value: 6064.6704
      objectReference: {fileID: 0}
    - target: {fileID: 4326893659827912, guid: a078c5101007a4716b83b0da45dc204b, type: 2}
      propertyPath: m_LocalPosition.z
      value: -29.37
      objectReference: {fileID: 0}
    - target: {fileID: 4326893659827912, guid: a078c5101007a4716b83b0da45dc204b, type: 2}
      propertyPath: m_LocalRotation.x
      value: -0.5266721
      objectReference: {fileID: 0}
    - target: {fileID: 4326893659827912, guid: a078c5101007a4716b83b0da45dc204b, type: 2}
      propertyPath: m_LocalRotation.y
      value: -0
      objectReference: {fileID: 0}
    - target: {fileID: 4326893659827912, guid: a078c5101007a4716b83b0da45dc204b, type: 2}
      propertyPath: m_LocalRotation.z
      value: -0
      objectReference: {fileID: 0}
    - target: {fileID: 4326893659827912, guid: a078c5101007a4716b83b0da45dc204b, type: 2}
      propertyPath: m_LocalRotation.w
      value: 0.85006857
      objectReference: {fileID: 0}
    - target: {fileID: 4326893659827912, guid: a078c5101007a4716b83b0da45dc204b, type: 2}
      propertyPath: m_RootOrder
      value: 2
      objectReference: {fileID: 0}
    - target: {fileID: 114547304913491144, guid: a078c5101007a4716b83b0da45dc204b,
        type: 2}
      propertyPath: Level1
      value: 
      objectReference: {fileID: 1922084036}
    - target: {fileID: 114561866973887490, guid: a078c5101007a4716b83b0da45dc204b,
        type: 2}
      propertyPath: quad
      value: 
      objectReference: {fileID: 1181076158}
    - target: {fileID: 198455861863894094, guid: a078c5101007a4716b83b0da45dc204b,
        type: 2}
      propertyPath: randomSeed
      value: 169712671
      objectReference: {fileID: 0}
    - target: {fileID: 114561866973887490, guid: a078c5101007a4716b83b0da45dc204b,
        type: 2}
      propertyPath: platform
      value: 
      objectReference: {fileID: 1922084036}
    - target: {fileID: 23986379438462748, guid: a078c5101007a4716b83b0da45dc204b,
        type: 2}
      propertyPath: m_Materials.Array.data[0]
      value: 
      objectReference: {fileID: 2100000, guid: e47db907806add749a535067ee33b6e5, type: 2}
    - target: {fileID: 23986379438462748, guid: a078c5101007a4716b83b0da45dc204b,
        type: 2}
      propertyPath: m_CastShadows
      value: 1
      objectReference: {fileID: 0}
    - target: {fileID: 114547304913491144, guid: a078c5101007a4716b83b0da45dc204b,
        type: 2}
      propertyPath: glassSound
      value: 
      objectReference: {fileID: 131151761}
    - target: {fileID: 114547304913491144, guid: a078c5101007a4716b83b0da45dc204b,
        type: 2}
      propertyPath: fallingSound
      value: 
      objectReference: {fileID: 369855294}
    - target: {fileID: 114547304913491144, guid: a078c5101007a4716b83b0da45dc204b,
        type: 2}
      propertyPath: rollingSound
      value: 
      objectReference: {fileID: 1181076159}
    m_RemovedComponents: []
  m_ParentPrefab: {fileID: 100100000, guid: a078c5101007a4716b83b0da45dc204b, type: 2}
  m_IsPrefabParent: 0
--- !u!1 &1922084036 stripped
GameObject:
  m_PrefabParentObject: {fileID: 100000, guid: aeb8adb29ca39444ab84b641e957207b, type: 3}
  m_PrefabInternal: {fileID: 959692899}
--- !u!64 &1922084037
MeshCollider:
  m_ObjectHideFlags: 0
  m_PrefabParentObject: {fileID: 0}
  m_PrefabInternal: {fileID: 0}
  m_GameObject: {fileID: 1922084036}
  m_Material: {fileID: 0}
  m_IsTrigger: 0
  m_Enabled: 1
  serializedVersion: 3
  m_Convex: 0
  m_CookingOptions: 14
  m_SkinWidth: 0.01
  m_Mesh: {fileID: 4300000, guid: aeb8adb29ca39444ab84b641e957207b, type: 3}
--- !u!4 &1922084038 stripped
Transform:
  m_PrefabParentObject: {fileID: 400000, guid: aeb8adb29ca39444ab84b641e957207b, type: 3}
  m_PrefabInternal: {fileID: 959692899}
--- !u!114 &1922084039
MonoBehaviour:
  m_ObjectHideFlags: 0
  m_PrefabParentObject: {fileID: 0}
  m_PrefabInternal: {fileID: 0}
  m_GameObject: {fileID: 1922084036}
  m_Enabled: 1
  m_EditorHideFlags: 0
  m_Script: {fileID: 11500000, guid: 86cb3d752f4ec5e4c9c418aa90b226e8, type: 3}
  m_Name: 
  m_EditorClassIdentifier: 
--- !u!54 &1922084040
Rigidbody:
  m_ObjectHideFlags: 0
  m_PrefabParentObject: {fileID: 0}
  m_PrefabInternal: {fileID: 0}
  m_GameObject: {fileID: 1922084036}
  serializedVersion: 2
  m_Mass: 1
  m_Drag: 0
  m_AngularDrag: 0.05
  m_UseGravity: 0
  m_IsKinematic: 1
  m_Interpolate: 0
  m_Constraints: 0
  m_CollisionDetection: 0
--- !u!82 &1922084041
AudioSource:
  m_ObjectHideFlags: 0
  m_PrefabParentObject: {fileID: 0}
  m_PrefabInternal: {fileID: 0}
  m_GameObject: {fileID: 1922084036}
  m_Enabled: 1
  serializedVersion: 4
  OutputAudioMixerGroup: {fileID: 0}
  m_audioClip: {fileID: 8300000, guid: 6f1831742616e413bacaa1659a56502d, type: 3}
  m_PlayOnAwake: 0
  m_Volume: 1
  m_Pitch: 1
  Loop: 1
  Mute: 0
  Spatialize: 0
  SpatializePostEffects: 0
  Priority: 128
  DopplerLevel: 1
  MinDistance: 1
  MaxDistance: 500
  Pan2D: 0
  rolloffMode: 0
  BypassEffects: 0
  BypassListenerEffects: 0
  BypassReverbZones: 0
  rolloffCustomCurve:
    serializedVersion: 2
    m_Curve:
    - serializedVersion: 2
      time: 0
      value: 1
      inSlope: 0
      outSlope: 0
      tangentMode: 0
    - serializedVersion: 2
      time: 1
      value: 0
      inSlope: 0
      outSlope: 0
      tangentMode: 0
    m_PreInfinity: 2
    m_PostInfinity: 2
    m_RotationOrder: 4
  panLevelCustomCurve:
    serializedVersion: 2
    m_Curve:
    - serializedVersion: 2
      time: 0
      value: 0
      inSlope: 0
      outSlope: 0
      tangentMode: 0
    m_PreInfinity: 2
    m_PostInfinity: 2
    m_RotationOrder: 0
  spreadCustomCurve:
    serializedVersion: 2
    m_Curve:
    - serializedVersion: 2
      time: 0
      value: 0
      inSlope: 0
      outSlope: 0
      tangentMode: 0
    m_PreInfinity: 2
    m_PostInfinity: 2
    m_RotationOrder: 0
  reverbZoneMixCustomCurve:
    serializedVersion: 2
    m_Curve:
    - serializedVersion: 2
      time: 0
      value: 1
      inSlope: 0
      outSlope: 0
      tangentMode: 0
    m_PreInfinity: 2
    m_PostInfinity: 2
    m_RotationOrder: 0
